SECID,TRADETIME,PRICE,QUANTITY
SGH9,19:06:07,41266.0000,1
SGH9,19:13:46,42915.6000,1
SGH9,19:13:47,41264.0000,1
SGH9,19:13:47,39200.8000,1
SGH9,19:13:47,40026.0800,1
SGH9,19:13:47,43327.2000,1
SGH9,19:13:48,39613.4400,1
SGH9,19:13:48,40438.7200,1
SGH9,19:13:48,41676.6400,1
SGH9,19:13:48,42914.5600,1
SGH9,19:13:48,39200.8000,1
SGH9,19:13:48,39613.4400,1
SGH9,19:13:49,42914.5600,1
SGH9,19:13:49,40851.3600,1
SGH9,19:13:49,39200.8000,1
SGH9,19:13:49,39613.4400,1
SGH9,19:13:50,40852.3500,1
SGH9,19:13:51,42091.3200,1
SGH9,19:13:56,42924.9600,3
SGH9,19:14:20,41792.7900,1
SGH9,19:14:21,39723.8400,1
SGH9,19:14:21,39310.0500,1
SGH9,19:14:21,41379.0000,1
SGH9,19:14:21,40551.4200,1
SGH9,19:14:22,42206.5800,1
SGH9,19:14:22,42620.3700,1
SGH9,19:14:22,41792.7900,1
SGH9,19:14:22,43034.1600,1
SGH9,19:14:22,42620.3700,1
SGH9,19:14:22,43447.9500,1
SGH9,19:14:23,40137.6300,1
SGH9,19:14:23,41792.7900,1
SGH9,19:14:23,42206.5800,1
SGH9,19:14:23,41379.0000,1
SGH9,19:14:25,39309.1000,1
SGH9,19:14:29,43020.6400,3
SGH9,19:14:31,39671.0400,1
SGH9,19:14:44,41737.2400,2
SGH9,19:49:45,41321.0000,1
SGH9,19:58:39,39668.1600,1
SGH9,20:06:07,41299.0000,1
SGH9,20:24:15,40061.0000,1
SGH9,21:02:00,42524.5800,3
SGH9,21:03:38,39616.3200,2
SGH9,21:04:34,42487.5000,2
SGH9,21:09:34,39229.3000,1
SGH9,21:16:43,40055.1800,1
SGH9,22:19:05,40464.2000,1
SGH9,23:06:49,41720.0700,3
SGH9,23:06:49,39667.2000,3
SGH9,23:06:49,43386.0000,2
SGH9,23:33:12,42959.2800,1
SGH9,23:33:37,42133.1400,2
SGH9,10:00:34,43330.3500,1
SGH9,10:01:18,41732.1900,1
SGH9,10:01:42,40907.7900,7
SGH9,10:01:42,40081.3700,3
SGH9,10:01:45,40097.8600,1
SGH9,10:01:47,40548.4800,1
SGH9,10:03:15,40916.7000,1
SGH9,10:03:15,42156.6000,1
SGH9,10:03:15,40916.7000,1
SGH9,10:06:01,41757.4400,1
SGH9,10:09:05,40454.4000,1
SGH9,10:09:06,42556.5100,2
SGH9,10:10:05,42136.2000,1
SGH9,10:10:05,41723.1000,1
SGH9,10:14:05,40841.4600,1
SGH9,10:15:12,40454.4000,1
SGH9,10:15:12,43344.0000,2
SGH9,10:15:48,40434.8000,1
SGH9,10:16:29,40002.8000,1
SGH9,10:16:30,41200.0000,1
SGH9,10:16:43,41205.0000,1
SGH9,10:16:44,39537.6000,1
SGH9,10:17:05,42416.4300,1
SGH9,10:17:11,40356.4000,1
SGH9,10:17:12,43218.0000,1
SGH9,10:17:12,42778.3200,1
SGH9,10:18:05,41930.1600,1
SGH9,10:18:45,41913.8400,2
SGH9,10:18:45,39037.4000,2
SGH9,10:18:45,39037.4000,2
SGH9,10:18:45,39859.2400,7
SGH9,10:18:46,40269.1800,4
SGH9,10:18:46,43138.2000,3
SGH9,10:18:46,42303.1300,3
SGH9,10:18:46,39826.2600,3
SGH9,10:18:46,40633.5600,2
SGH9,10:18:57,39821.4100,1
SGH9,10:18:57,42686.8000,1
SGH9,10:18:57,39438.7200,1
SGH9,10:19:00,41453.4300,1
SGH9,10:19:34,41068.0000,2
SGH9,10:20:47,40255.4600,2
SGH9,10:20:47,41480.7000,2
SGH9,10:20:47,41461.5100,3
SGH9,10:20:47,42672.2400,2
SGH9,10:20:47,43082.5500,9
SGH9,10:20:47,39800.0700,3
SGH9,10:20:47,41031.0000,2
SGH9,10:20:47,39389.7600,5
SGH9,10:20:47,40620.6900,9
SGH9,10:20:47,41441.3100,2
SGH9,10:20:47,42261.9300,5
SGH9,10:20:47,41031.0000,2
SGH9,10:20:47,40620.6900,5
SGH9,10:20:47,42661.8400,2
SGH9,10:20:47,39379.2000,1
SGH9,10:20:47,38950.0000,1
SGH9,10:20:54,42184.6800,1
SGH9,10:21:04,40964.0000,1
SGH9,10:21:05,42991.2000,1
SGH9,10:21:05,38897.7500,1
SGH9,10:21:18,42569.2800,2
SGH9,10:21:18,42159.9600,2
SGH9,10:21:18,40522.6800,3
SGH9,10:21:18,41340.3100,5
SGH9,10:21:18,41745.5400,3
SGH9,10:21:18,41745.5400,2
SGH9,10:21:18,40517.7300,1
SGH9,10:21:18,42564.0800,1
SGH9,10:21:18,41329.2000,1
SGH9,10:21:57,40491.0000,4
SGH9,10:21:57,40082.0000,1
SGH9,10:21:57,39264.0000,1
SGH9,10:21:58,39673.9700,2
SGH9,10:22:27,39289.9200,6
SGH9,10:22:27,41336.2700,1
SGH9,10:22:27,38880.6500,2
SGH9,10:24:05,42135.2400,1
SGH9,10:24:21,41743.5000,5
SGH9,10:24:25,42154.8100,2
SGH9,10:26:01,38941.4500,1
SGH9,10:26:16,42208.3700,1
SGH9,10:27:14,42645.2000,5
SGH9,10:27:24,39369.6000,1
SGH9,10:27:36,41830.2000,5
SGH9,10:27:54,42671.2000,2
SGH9,10:35:05,42634.8000,3
SGH9,10:35:05,41814.9000,5
SGH9,10:35:05,38945.2500,2
SGH9,10:35:05,40175.1000,1
SGH9,10:35:05,39355.2000,2
SGH9,10:35:05,40175.1000,3
SGH9,10:35:05,41404.9500,4
SGH9,10:35:05,38945.2500,1
SGH9,10:35:12,39765.1500,2
SGH9,10:35:12,41814.9000,7
SGH9,10:47:18,42365.9600,2
SGH9,10:47:18,41543.3200,1
SGH9,10:47:18,42777.2800,1
SGH9,10:54:02,41110.0000,2
SGH9,10:54:02,41110.0000,18
SGH9,10:54:02,39876.7000,1
SGH9,10:56:02,42343.3000,7
SGH9,10:57:49,41928.1200,1
SGH9,10:59:38,39844.6900,1
SGH9,10:59:38,40254.4800,4
SGH9,11:06:03,40214.3000,4
SGH9,11:08:50,38950.9500,7
SGH9,11:09:11,40990.0000,1
SGH9,11:09:12,39365.7600,1
SGH9,11:11:16,40611.7800,2
SGH9,11:12:11,41440.3000,2
SGH9,11:12:37,42268.1100,1
SGH9,11:15:10,38955.7000,2
SGH9,11:15:22,39362.8800,2
SGH9,11:15:36,39355.2000,3
SGH9,11:15:36,40175.1000,1
SGH9,11:15:36,40585.0500,3
SGH9,11:15:36,39769.0300,2
SGH9,11:15:48,42640.0000,1
SGH9,11:15:48,42230.0000,1
SGH9,11:16:04,42634.8000,4
SGH9,11:16:04,38945.2500,5
SGH9,11:16:04,41814.9000,2
SGH9,11:16:04,40585.0500,1
SGH9,11:16:04,41404.9500,2
SGH9,11:16:04,42634.8000,5
SGH9,11:16:04,38945.2500,2
SGH9,11:16:04,40175.1000,2
SGH9,11:17:27,39760.3000,5
SGH9,11:17:27,39350.4000,2
SGH9,11:17:27,42629.6000,2
SGH9,11:17:27,41399.9000,5
SGH9,11:17:27,38940.5000,5
SGH9,11:17:27,41399.9000,5
SGH9,11:18:19,39350.4000,3
SGH9,11:18:28,42629.6000,2
SGH9,11:18:56,38940.5000,1
SGH9,11:22:57,40566.2400,2
SGH9,11:22:57,41385.7600,4
SGH9,11:23:32,41379.7000,2
SGH9,11:23:33,39740.9000,5
SGH9,11:23:33,42608.8000,9
SGH9,11:23:33,40150.6000,3
SGH9,11:23:33,40970.0000,5
SGH9,11:23:33,42608.8000,5
SGH9,11:23:47,41381.7200,1
SGH9,11:24:02,39331.2000,1
SGH9,11:25:46,40982.0000,5
SGH9,11:25:58,39753.5100,5
SGH9,11:25:58,39343.6800,2
SGH9,11:26:44,39331.2000,5
SGH9,11:26:44,39331.2000,4
SGH9,11:26:44,38921.5000,3
SGH9,11:27:58,40588.0200,2
SGH9,11:28:02,39358.0800,1
SGH9,11:28:02,40588.0200,1
SGH9,11:28:04,40170.2000,2
SGH9,11:28:44,39772.9100,3
SGH9,11:28:44,39362.8800,4
SGH9,11:29:34,39764.1800,1
SGH9,11:29:38,41809.8000,5
SGH9,11:29:38,42219.7000,2
SGH9,11:29:38,41399.9000,5
SGH9,11:29:44,38940.5000,5
SGH9,11:29:44,40580.1000,5
SGH9,11:29:51,42219.7000,5
SGH9,11:29:51,41399.9000,5
SGH9,11:29:51,38946.2000,1
SGH9,11:30:01,43039.5000,5
SGH9,11:30:05,41809.8000,1
SGH9,11:30:23,39351.3600,5
SGH9,11:30:23,41815.9200,1
SGH9,11:30:23,43048.9500,1
SGH9,11:30:33,40580.1000,4
SGH9,11:30:33,38940.5000,1
SGH9,11:30:33,39760.3000,1
SGH9,11:30:40,39760.3000,2
SGH9,11:30:40,42629.6000,2
SGH9,11:30:42,40578.1200,1
SGH9,11:30:44,39755.4500,1
SGH9,11:30:44,39340.8000,1
SGH9,11:32:59,39750.6000,18
SGH9,11:32:59,42209.4000,5
SGH9,11:32:59,40570.2000,2
SGH9,11:32:59,40570.2000,1
SGH9,11:32:59,43029.0000,3
SGH9,11:32:59,41398.8900,3
SGH9,11:33:09,38931.0000,1
SGH9,11:33:11,41799.6000,5
SGH9,11:33:36,40571.1900,2
SGH9,11:34:02,40570.2000,5
SGH9,11:34:09,43029.0000,5
SGH9,11:34:17,41389.8000,3
SGH9,11:34:17,39340.8000,5
SGH9,11:34:19,42619.2000,5
SGH9,11:34:32,41389.8000,3
SGH9,11:34:32,42209.4000,5
SGH9,11:34:34,38931.0000,5
SGH9,11:34:40,42621.2800,2
SGH9,11:34:40,39340.8000,5
SGH9,11:34:40,39750.6000,5
SGH9,11:34:40,39340.8000,5
SGH9,11:34:50,41389.8000,1
SGH9,11:34:51,39750.6000,4
SGH9,11:34:55,40980.0000,2
SGH9,11:35:19,42213.5200,5
SGH9,11:37:13,39765.1500,2
SGH9,11:37:17,40175.1000,1
SGH9,11:39:44,40175.1000,3
SGH9,11:40:12,42230.0000,2
SGH9,11:41:21,41820.0000,1
SGH9,11:41:50,42230.0000,2
SGH9,11:42:27,42210.4300,1
SGH9,11:42:42,38954.7500,2
SGH9,11:47:14,39355.2000,5
SGH9,11:47:14,41404.9500,5
SGH9,11:47:16,40585.0500,6
SGH9,11:47:16,42634.8000,5
SGH9,11:47:16,38945.2500,3
SGH9,11:47:16,39765.1500,2
SGH9,11:47:16,41814.9000,2
SGH9,11:47:25,38945.2500,4
SGH9,11:47:33,39355.2000,5
SGH9,11:47:33,41814.9000,5
SGH9,11:47:33,41814.9000,5
SGH9,11:47:33,42634.8000,4
SGH9,11:47:33,43044.7500,1
SGH9,11:47:33,40585.0500,3
SGH9,11:47:33,40175.1000,1
SGH9,11:47:33,40585.0500,5
SGH9,11:47:33,39765.1500,5
SGH9,11:47:33,38945.2500,5
SGH9,11:47:33,38945.2500,5
SGH9,11:47:34,41000.0000,5
SGH9,11:47:34,39770.0000,4
SGH9,11:47:34,40995.0000,5
SGH9,11:47:35,40175.1000,5
SGH9,11:47:35,40175.1000,5
SGH9,11:47:35,43044.7500,5
SGH9,11:47:48,40585.0500,5
SGH9,11:47:48,41404.9500,5
SGH9,11:47:48,40995.0000,5
SGH9,11:47:48,39765.1500,5
SGH9,11:47:48,39765.1500,5
SGH9,11:47:48,42230.0000,5
SGH9,11:47:50,39355.2000,2
SGH9,11:47:58,42634.8000,5
SGH9,11:47:58,41814.9000,5
SGH9,11:47:58,42634.8000,5
SGH9,11:47:58,39355.2000,1
SGH9,11:48:00,42634.8000,1
SGH9,11:48:02,41814.9000,2
SGH9,11:48:03,42634.8000,5
SGH9,11:48:03,42634.8000,4
SGH9,11:48:03,40995.0000,4
SGH9,11:48:03,43044.7500,1
SGH9,11:48:06,40586.0400,1
SGH9,11:48:10,39355.2000,3
SGH9,11:48:10,42634.8000,2
SGH9,11:48:17,39355.2000,3
SGH9,11:48:17,42224.8500,2
SGH9,11:48:21,39765.1500,3
SGH9,11:48:21,40175.1000,2
SGH9,11:48:32,39765.1500,2
SGH9,11:48:32,42634.8000,3
SGH9,11:48:47,38945.2500,5
SGH9,11:48:47,41404.9500,5
SGH9,11:48:47,42634.8000,5
SGH9,11:48:47,42224.8500,3
SGH9,11:48:47,43044.7500,3
SGH9,11:48:47,40995.0000,1
SGH9,11:48:54,39765.1500,10
SGH9,11:48:54,39355.2000,2
SGH9,11:48:54,40995.0000,2
SGH9,11:48:54,41404.9500,1
SGH9,11:49:00,43044.7500,3
SGH9,11:49:03,38945.2500,4
SGH9,11:49:03,40585.0500,1
SGH9,11:49:31,40175.1000,1
SGH9,11:49:31,39765.1500,4
SGH9,11:49:32,40995.0000,2
SGH9,11:49:35,40995.0000,4
SGH9,11:49:43,41410.0000,5
SGH9,11:49:45,40589.0100,1
SGH9,11:50:52,42634.8000,1
SGH9,11:51:00,42634.8000,1
SGH9,11:51:01,39765.1500,1
SGH9,11:51:01,39765.1500,1
SGH9,11:51:03,40585.0500,1
SGH9,11:51:05,40585.0500,1
SGH9,11:51:07,40175.1000,1
SGH9,11:51:09,41814.9000,1
SGH9,11:51:16,39355.2000,2
SGH9,11:51:45,42634.8000,3
SGH9,11:52:01,43044.7500,2
SGH9,11:52:04,39765.1500,1
SGH9,11:52:06,39355.2000,1
SGH9,11:52:08,39355.2000,1
SGH9,11:52:10,40995.0000,1
SGH9,11:52:12,41814.9000,1
SGH9,11:52:14,39765.1500,1
SGH9,11:52:15,41404.9500,4
SGH9,11:52:16,40175.1000,4
SGH9,11:52:28,39765.1500,5
SGH9,11:52:28,41814.9000,1
SGH9,11:52:28,41814.9000,3
SGH9,11:52:29,42634.8000,1
SGH9,11:52:31,40175.1000,1
SGH9,11:52:31,38945.2500,5
SGH9,11:52:31,41404.9500,5
SGH9,11:52:31,43044.7500,5
SGH9,11:52:32,38945.2500,1
SGH9,11:52:34,40175.1000,1
SGH9,11:52:36,39355.2000,1
SGH9,11:52:38,38945.2500,1
SGH9,11:52:46,39765.1500,2
SGH9,11:53:06,43044.7500,1
SGH9,11:53:08,38945.2500,1
SGH9,11:53:10,42634.8000,1
SGH9,11:53:12,42224.8500,1
SGH9,11:53:14,42224.8500,1
SGH9,11:53:16,42224.8500,2
SGH9,11:53:16,40995.0000,1
SGH9,11:53:18,41404.9500,1
SGH9,11:53:19,42625.4400,1
SGH9,11:53:45,38935.7500,1
SGH9,11:53:46,39355.2000,2
SGH9,11:53:58,43044.7500,3
SGH9,11:54:37,39340.8000,5
SGH9,11:54:40,38931.0000,4
SGH9,11:54:43,43029.0000,4
SGH9,11:54:46,40990.0000,5
SGH9,11:54:46,42219.7000,6
SGH9,11:54:46,40580.1000,2
SGH9,11:54:46,39760.3000,2
SGH9,11:54:46,40990.0000,2
SGH9,11:54:51,40995.0000,1
SGH9,11:55:03,39760.3000,4
SGH9,11:55:14,40171.1800,1
SGH9,11:55:14,42629.6000,1
SGH9,11:55:44,40990.0000,2
SGH9,11:56:02,40175.1000,5
SGH9,11:56:29,43039.5000,5
SGH9,11:56:29,40170.2000,5
SGH9,11:56:29,42629.6000,5
SGH9,11:56:29,40990.0000,5
SGH9,11:56:30,40170.2000,5
SGH9,11:56:30,40170.2000,5
SGH9,11:56:42,43039.5000,1
SGH9,11:56:44,41399.9000,5
SGH9,11:56:44,41399.9000,5
SGH9,11:56:44,38940.5000,5
SGH9,11:58:45,41399.9000,1
SGH9,11:58:45,39760.3000,4
SGH9,11:59:13,40170.2000,1
SGH9,11:59:13,40990.0000,1
SGH9,11:59:48,40990.0000,4
SGH9,11:59:49,39760.3000,1
SGH9,11:59:51,40170.2000,1
SGH9,11:59:53,40170.2000,1
SGH9,11:59:55,39350.4000,1
SGH9,11:59:56,40580.1000,1
SGH9,11:59:57,42219.7000,2
SGH9,12:00:00,41814.9000,1
SGH9,12:00:00,42634.8000,4
SGH9,12:00:27,42629.6000,5
SGH9,12:00:37,39760.3000,7
SGH9,12:01:13,39340.8000,2
SGH9,12:01:28,38931.0000,4
SGH9,12:01:28,40980.0000,4
SGH9,12:01:28,42619.2000,5
SGH9,12:02:50,41814.9000,2
SGH9,12:03:13,38931.0000,5
SGH9,12:03:13,43029.0000,5
SGH9,12:03:13,40980.0000,5
SGH9,12:03:13,40160.4000,5
SGH9,12:03:13,39750.6000,3
SGH9,12:05:28,42634.8000,1
SGH9,12:06:47,41804.7000,3
SGH9,12:07:40,39750.6000,1
SGH9,12:07:55,40980.0000,2
SGH9,12:07:55,39332.1600,2
SGH9,12:12:32,38912.0000,1
SGH9,12:18:24,40976.0000,2
SGH9,12:18:24,39733.1400,3
SGH9,12:18:24,42599.4400,2
SGH9,12:18:24,43009.0500,1
SGH9,12:18:24,40964.0000,2
SGH9,12:18:24,39312.0000,8
SGH9,12:18:25,42164.0800,2
SGH9,12:18:30,39269.7600,2
SGH9,12:19:32,39661.3600,2
SGH9,12:19:33,39678.8200,2
SGH9,12:22:53,42127.0000,5
SGH9,12:22:53,40900.0000,21
SGH9,12:22:53,40082.0000,4
SGH9,12:23:03,39254.4000,1
SGH9,12:23:30,41708.8200,2
SGH9,12:23:57,39664.2700,1
SGH9,12:26:33,39264.0000,1
SGH9,12:26:33,41723.1000,5
SGH9,12:26:51,40891.0000,9
SGH9,12:26:54,40495.9500,3
SGH9,12:27:06,40482.0900,1
SGH9,12:27:51,42541.2000,1
SGH9,12:28:47,42526.6400,2
SGH9,12:28:47,42526.6400,1
SGH9,12:28:47,41708.8200,1
SGH9,12:28:47,39255.3600,2
SGH9,12:28:47,41299.9100,2
SGH9,12:28:47,42117.7300,1
SGH9,12:28:47,41708.8200,1
SGH9,12:29:06,39664.2700,1
SGH9,12:29:07,39259.2000,3
SGH9,12:29:07,41299.9100,4
SGH9,12:29:07,40077.1000,1
SGH9,12:30:02,42935.5500,5
SGH9,12:30:18,40482.0900,2
SGH9,12:30:20,38846.4500,1
SGH9,12:30:22,41299.9100,1
SGH9,12:31:10,40082.0000,1
SGH9,12:31:16,40891.0000,5
SGH9,12:31:16,40891.0000,5
SGH9,12:31:16,40891.0000,1
SGH9,12:31:23,42935.5500,5
SGH9,12:31:43,42536.0000,4
SGH9,12:31:43,42950.2500,3
SGH9,12:32:24,42526.6400,2
SGH9,12:33:13,41309.0000,1
SGH9,12:38:27,42117.7300,2
SGH9,12:41:02,40891.0000,1
SGH9,12:41:03,40073.1800,1
SGH9,12:41:03,40482.0900,1
SGH9,12:41:04,42935.5500,1
SGH9,12:41:05,39664.2700,1
SGH9,12:42:30,39677.8500,2
SGH9,12:42:30,38864.5000,1
SGH9,12:42:59,40073.1800,8
SGH9,12:42:59,39664.2700,2
SGH9,12:42:59,40073.1800,5
SGH9,12:43:05,39255.3600,1
SGH9,12:43:34,38846.4500,1
SGH9,12:43:56,41708.8200,1
SGH9,12:44:07,39255.3600,5
SGH9,12:44:07,39255.3600,3
SGH9,12:44:49,42536.0000,5
SGH9,12:47:50,42526.6400,5
SGH9,12:50:02,42117.7300,2
SGH9,12:50:03,39255.3600,1
SGH9,12:50:03,41708.8200,4
SGH9,12:50:03,42935.5500,20
SGH9,12:54:11,41309.0000,2
SGH9,12:55:59,38855.0000,4
SGH9,12:56:00,38855.0000,1
SGH9,12:57:11,41708.8200,1
SGH9,12:57:11,40891.0000,4
SGH9,12:57:11,42935.5500,2
SGH9,12:57:11,40891.0000,16
SGH9,13:05:32,40482.0900,1
SGH9,13:06:26,40062.4000,1
SGH9,13:13:30,42106.4000,13
SGH9,13:17:57,38811.3000,2
SGH9,13:17:57,41667.0000,2
SGH9,13:17:57,42075.5000,3
SGH9,13:21:54,38816.0500,1
SGH9,13:28:48,40072.2000,17
SGH9,13:28:48,42959.7000,1
SGH9,13:28:57,39255.3600,2
SGH9,13:33:41,40051.6200,3
SGH9,13:33:41,40459.3200,1
SGH9,13:35:48,42107.4300,1
SGH9,13:37:13,39641.9600,2
SGH9,13:43:17,40456.3500,2
SGH9,13:43:18,40456.3500,1
SGH9,13:44:02,39230.4000,1
SGH9,13:44:02,41273.6500,3
SGH9,13:58:59,41298.9000,2
SGH9,14:15:12,42499.6000,1
SGH9,14:15:12,38821.7500,5
SGH9,14:15:12,42908.2500,5
SGH9,14:15:12,41273.6500,4
SGH9,14:15:13,40023.2000,1
SGH9,14:19:05,39168.0000,1
SGH9,14:19:18,40401.9000,1
SGH9,14:25:48,40332.6000,1
SGH9,14:28:15,40697.0000,1
SGH9,14:28:15,40680.0000,1
SGH9,14:28:16,42306.1600,1
SGH9,14:28:16,39458.6300,1
SGH9,14:28:16,39865.4200,1
SGH9,14:28:16,41899.3700,1
SGH9,14:28:24,42739.2000,2
SGH9,14:29:55,41918.9400,2
SGH9,14:30:06,40300.9200,2
SGH9,14:30:13,41114.0700,2
SGH9,14:31:05,39072.0000,1
SGH9,14:31:30,39079.6800,2
SGH9,14:31:30,38672.6000,4
SGH9,14:31:30,38672.6000,1
SGH9,14:31:30,39486.7600,2
SGH9,14:31:38,40280.1300,1
SGH9,14:34:06,42324.8800,1
SGH9,14:34:42,39476.0900,10
SGH9,14:36:49,41522.1600,4
SGH9,14:38:05,38684.0000,1
SGH9,14:38:05,38684.0000,2
SGH9,14:38:05,41127.2000,5
SGH9,14:38:05,42348.8000,2
SGH9,14:38:05,38684.0000,10
SGH9,14:38:05,39498.4000,5
SGH9,14:38:22,39512.9500,1
SGH9,14:38:23,39493.5500,1
SGH9,14:41:59,38740.0500,1
SGH9,14:42:16,40359.3300,1
SGH9,14:43:39,39148.8000,1
SGH9,14:54:12,38718.2000,2
SGH9,14:54:12,41975.5900,1
SGH9,14:54:12,38715.3500,2
SGH9,14:54:12,39110.4000,3
SGH9,14:54:12,39910.5000,2
SGH9,14:54:12,39096.0000,2
SGH9,14:54:12,40317.7500,1
SGH9,14:54:12,40317.7500,1
SGH9,14:58:19,41099.9300,1
SGH9,15:01:10,41468.1000,1
SGH9,15:01:13,41869.5000,10
SGH9,15:01:14,40634.0000,1
SGH9,15:01:14,40230.6300,2
SGH9,15:02:40,40624.0000,1
SGH9,15:06:39,41873.6200,2
SGH9,15:07:53,40275.1800,1
SGH9,15:07:53,41088.8200,6
SGH9,15:07:53,42309.2800,2
SGH9,15:07:58,41495.6400,5
SGH9,15:08:46,39461.5400,2
SGH9,15:08:50,40275.1800,2
SGH9,15:09:17,41088.8200,2
SGH9,15:12:03,42728.7000,1
SGH9,15:14:41,41514.0000,1
SGH9,15:15:02,42732.9000,4
SGH9,15:15:11,41107.0000,1
SGH9,15:16:53,39886.0000,2
SGH9,15:17:21,41493.6000,1
SGH9,15:18:27,41110.0300,2
SGH9,15:18:27,40703.0000,20
SGH9,15:18:31,40703.0000,4
SGH9,15:18:32,41924.0900,3
SGH9,15:18:50,40704.0000,1
SGH9,15:19:09,42332.1600,1
SGH9,15:19:09,41924.0900,5
SGH9,15:19:09,39888.9400,1
SGH9,15:19:09,42331.1200,1
SGH9,15:19:09,40703.0000,20
SGH9,15:19:24,39481.9100,3
SGH9,15:19:24,42738.1500,3
SGH9,15:19:24,42738.1500,5
SGH9,15:19:42,39074.8800,5
SGH9,15:19:42,38667.8500,5
SGH9,15:19:42,42738.1500,5
SGH9,15:19:42,41517.0600,20
SGH9,15:19:53,42331.1200,3
SGH9,15:19:54,40283.1000,1
SGH9,15:19:54,41094.8800,2
SGH9,15:23:07,39874.2400,2
SGH9,15:29:11,41107.0000,5
SGH9,15:30:49,39886.0000,5
SGH9,15:30:49,41921.0000,11
SGH9,15:30:49,41927.1800,1
SGH9,15:40:42,39044.1600,1
SGH9,15:40:42,39856.6000,1
SGH9,15:40:43,39843.8600,1
SGH9,15:42:19,42723.4500,1
SGH9,15:46:28,39061.4400,2
SGH9,15:46:28,42316.5600,1
SGH9,15:46:28,40689.0000,10
SGH9,15:47:51,41091.8500,3
SGH9,16:01:33,42307.2000,1
SGH9,16:10:31,40288.0500,2
SGH9,16:20:17,39895.8000,1
SGH9,16:21:58,39504.2200,1
SGH9,16:22:27,41114.0700,2
SGH9,16:27:07,39485.7900,2
SGH9,16:27:07,40707.0000,1
SGH9,16:31:24,42743.4000,1
SGH9,16:31:24,41509.9200,1
SGH9,16:32:39,42312.4000,1
SGH9,16:44:42,39075.8400,2
SGH9,16:44:42,39076.8000,1
SGH9,16:49:28,39871.3000,1
SGH9,16:51:00,42724.5000,1
SGH9,16:51:03,39469.3000,1
SGH9,16:51:05,42317.6000,1
SGH9,16:56:09,39091.2000,1
SGH9,17:00:05,39905.6000,1
SGH9,17:00:05,39898.7400,1
SGH9,17:05:13,42406.0000,1
SGH9,17:05:13,40804.0000,1
SGH9,17:05:25,39560.4800,1
SGH9,17:05:50,40775.0000,1
SGH9,17:15:31,39984.0000,1
SGH9,17:15:31,41616.0000,1
SGH9,17:22:38,39203.5200,1
SGH9,17:23:39,40850.0000,1
SGH9,17:23:39,40040.8400,1
SGH9,17:23:44,40442.4900,1
SGH9,17:24:30,42096.1000,1
SGH9,17:24:30,39235.2000,1
SGH9,17:24:55,39230.4000,1
SGH9,17:25:07,40865.0000,1
SGH9,17:25:07,40461.3000,1
SGH9,17:25:07,38826.5000,2
SGH9,17:30:21,40504.8600,1
SGH9,17:30:30,42562.0000,1
SGH9,17:30:30,41743.5000,1
SGH9,17:30:32,40515.7500,1
SGH9,17:31:04,39714.7100,1
SGH9,17:34:37,42207.3400,1
SGH9,17:34:37,43027.9500,1
SGH9,17:34:38,40951.0000,1
SGH9,17:35:44,40970.0000,2
SGH9,17:38:12,40150.6000,2
SGH9,17:38:12,39331.2000,2
SGH9,17:43:03,42640.0000,1
SGH9,17:43:21,41373.6400,1
SGH9,17:43:22,43012.2000,3
SGH9,17:48:23,38906.3000,1
SGH9,17:48:23,41773.0800,2
SGH9,18:08:57,39721.5000,1
SGH9,18:09:28,40559.3100,1
SGH9,18:23:39,41798.5800,2
SGH9,18:29:48,39789.4000,1
SGH9,18:29:51,43069.9500,1
SGH9,18:35:19,41014.0000,2
SGH9,18:37:13,40588.0200,5
SGH9,19:08:35,38436.0500,1
SGH9,19:48:33,42096.0800,1
SGH9,21:25:17,41308.9800,1
SGH9,21:25:25,40932.2700,1
SGH9,21:25:26,40133.6100,1
SGH9,21:25:29,42551.2500,1
SGH9,21:25:41,41746.9300,1
SGH9,21:25:42,40125.6900,1
SGH9,21:25:42,38504.4500,1
SGH9,21:25:43,39720.3800,1
SGH9,21:26:09,42509.2500,1
SGH9,21:26:11,41699.5500,1
SGH9,21:26:12,41699.5500,1
SGH9,21:26:13,39270.4500,1
SGH9,21:26:24,40487.0000,1
SGH9,21:27:04,39727.2400,2
SGH9,21:27:10,38510.1500,2
SGH9,21:27:13,41348.7600,2
SGH9,21:27:16,40943.3800,1
SGH9,10:00:04,40087.0800,1
SGH9,10:00:06,40087.0800,1
SGH9,10:01:52,38462.6500,10
SGH9,10:01:52,41701.6100,5
SGH9,10:01:55,40082.1300,5
SGH9,10:01:55,42511.3500,5
SGH9,10:02:31,38485.4500,3
SGH9,10:02:31,38890.5600,2
SGH9,10:02:31,41321.2200,2
SGH9,10:02:31,39295.6700,1
SGH9,10:02:31,39719.4000,1
SGH9,10:06:39,38462.6500,9
SGH9,10:06:39,38462.6500,1
SGH9,10:06:39,40487.0000,1
SGH9,10:06:39,40891.8700,2
SGH9,10:06:55,40487.0000,1
SGH9,10:09:30,40495.0000,10
SGH9,10:16:48,40931.2600,1
SGH9,10:16:48,41336.5200,2
SGH9,10:16:48,42147.0400,5
SGH9,10:16:48,39715.4800,2
SGH9,10:16:48,40123.7100,2
SGH9,10:20:59,40529.0000,2
SGH9,10:25:20,41339.5800,2
SGH9,10:25:20,38502.5500,3
SGH9,10:27:19,38883.8400,2
SGH9,10:28:03,41701.6100,3
SGH9,10:28:03,40082.1300,1
SGH9,10:36:26,42111.6800,2
SGH9,10:38:00,40487.0000,5
SGH9,10:38:28,39291.7900,5
SGH9,10:38:49,41317.1400,2
SGH9,10:38:49,41317.1400,2
SGH9,10:38:49,38476.9000,5
SGH9,10:38:51,42123.1200,5
SGH9,10:45:26,41313.0600,2
SGH9,10:45:26,41313.0600,1
SGH9,11:07:19,38462.6500,8
SGH9,11:07:54,39677.2600,5
SGH9,11:07:56,42106.4800,2
SGH9,11:09:36,42512.4000,2
SGH9,11:09:36,42106.4800,3
SGH9,11:09:36,41296.7400,5
SGH9,11:09:37,38867.5200,5
SGH9,11:09:54,41296.7400,5
SGH9,11:10:32,40089.0600,3
SGH9,11:12:46,40909.0400,2
SGH9,11:12:46,38883.8400,3
SGH9,11:12:46,40487.0000,2
SGH9,11:12:46,42106.4800,5
SGH9,11:24:55,40956.5100,1
SGH9,12:17:35,41701.6100,4
SGH9,12:17:35,40082.1300,5
SGH9,12:17:43,40891.8700,1
SGH9,12:21:36,41701.6100,1
SGH9,12:21:37,39272.3900,2
SGH9,12:21:37,40891.8700,2
SGH9,12:21:46,38462.6500,5
SGH9,12:21:48,40891.8700,5
SGH9,12:22:03,39677.2600,5
SGH9,12:23:43,40085.1000,5
SGH9,12:25:31,41701.6100,5
SGH9,12:33:54,38867.5200,5
SGH9,12:35:05,40082.1300,1
SGH9,12:35:33,39272.3900,2
SGH9,12:40:29,41690.2800,4
SGH9,12:46:53,40481.0000,1
SGH9,13:01:07,42504.0000,1
SGH9,13:01:50,38446.5000,16
SGH9,13:07:40,42088.8000,1
SGH9,13:13:29,42493.5000,5
SGH9,13:13:31,40470.0000,5
SGH9,13:14:28,42493.5000,5
SGH9,13:14:58,40470.0000,5
SGH9,13:14:59,40874.7000,5
SGH9,13:15:01,40470.0000,5
SGH9,13:15:01,40874.7000,5
SGH9,13:15:01,39660.6000,5
SGH9,13:15:04,38851.2000,5
SGH9,13:16:18,38851.2000,2
SGH9,13:17:54,41693.3700,5
SGH9,13:24:48,41688.2200,5
SGH9,13:25:36,41280.4200,5
SGH9,13:30:23,39259.7800,1
SGH9,13:30:23,40878.7400,1
SGH9,13:34:24,42494.5500,5
SGH9,13:34:49,40066.2900,2
SGH9,13:34:49,40874.7000,3
SGH9,13:36:59,41713.9700,1
SGH9,13:36:59,39689.0200,2
SGH9,13:40:24,42125.2000,3
SGH9,13:59:00,41685.1300,2
SGH9,14:08:10,41685.1300,5
SGH9,14:08:10,41279.4000,5
SGH9,14:08:10,41684.1000,5
SGH9,14:15:21,40470.0000,5
SGH9,14:15:22,38446.5000,5
SGH9,14:17:30,41279.4000,2
SGH9,14:18:02,41685.1300,1
SGH9,14:19:27,39660.6000,5
SGH9,14:20:26,40471.0000,1
SGH9,14:20:38,40470.0000,5
SGH9,14:20:38,41279.4000,3
SGH9,14:20:38,41684.1000,5
SGH9,14:20:38,39255.9000,9
SGH9,14:21:10,40873.6900,5
SGH9,14:21:10,41278.3800,5
SGH9,14:21:11,38850.2400,5
SGH9,14:21:14,40064.3100,5
SGH9,14:22:05,40873.6900,5
SGH9,14:23:41,41278.3800,5
SGH9,14:23:41,38445.5500,10
SGH9,14:23:41,38445.5500,5
SGH9,14:23:41,38445.5500,5
SGH9,14:23:41,39659.6200,5
SGH9,14:23:41,40469.0000,2
SGH9,14:23:41,39254.9300,1
SGH9,14:23:41,39254.9300,2
SGH9,14:23:41,40469.0000,5
SGH9,14:23:43,38850.2400,10
SGH9,14:23:43,38850.2400,5
SGH9,14:23:43,38445.5500,5
SGH9,14:23:43,39254.9300,5
SGH9,14:23:43,40064.3100,5
SGH9,14:23:43,42087.7600,5
SGH9,14:23:43,40468.0000,20
SGH9,14:23:43,38849.2800,10
SGH9,14:24:38,39659.6200,2
SGH9,14:25:03,38444.6000,1
SGH9,14:30:32,38444.6000,2
SGH9,14:30:32,38444.6000,2
SGH9,14:30:32,41277.3600,5
SGH9,14:30:34,39253.9600,5
SGH9,14:38:11,41279.4000,2
SGH9,14:41:28,40872.6800,5
SGH9,14:43:30,39253.9600,3
SGH9,14:47:00,40872.6800,5
SGH9,14:47:00,40872.6800,5
SGH9,14:51:53,40468.0000,5
SGH9,14:51:53,42086.7200,5
SGH9,14:51:54,42491.4000,5
SGH9,14:53:42,41277.3600,5
SGH9,14:53:42,40872.6800,5
SGH9,14:54:21,40872.6800,5
SGH9,14:58:03,39253.9600,5
SGH9,15:03:11,40063.3200,5
SGH9,15:13:48,40479.0000,5
SGH9,15:13:48,40892.8800,1
SGH9,15:14:08,40478.0000,2
SGH9,15:14:08,38444.6000,3
SGH9,15:14:08,39658.6400,1
SGH9,15:14:08,38849.2800,1
SGH9,15:14:08,41277.3600,1
SGH9,15:14:08,41277.3600,5
SGH9,15:14:08,41277.3600,10
SGH9,15:17:16,40063.3200,5
SGH9,15:17:19,40468.0000,5
SGH9,15:21:49,41682.0400,5
SGH9,15:23:37,42491.4000,5
SGH9,15:23:39,38444.6000,5
SGH9,15:26:12,42491.4000,5
SGH9,15:28:17,38849.2800,5
SGH9,15:28:39,42086.7200,4
SGH9,15:28:39,42491.4000,1
SGH9,15:28:39,40872.6800,5
SGH9,15:28:39,40872.6800,10
SGH9,15:28:39,41682.0400,5
SGH9,15:28:39,40468.0000,5
SGH9,15:28:39,40872.6800,5
SGH9,15:28:39,39253.9600,5
SGH9,15:28:39,40872.6800,1
SGH9,15:28:39,40053.4200,5
SGH9,15:37:30,41684.1000,5
SGH9,15:37:30,41685.1300,4
SGH9,15:37:30,42494.5500,1
SGH9,15:37:30,41685.1300,1
SGH9,15:37:30,42494.5500,1
SGH9,15:47:16,41678.9500,5
SGH9,16:00:00,41275.3200,7
SGH9,16:00:00,38847.3600,2
SGH9,16:00:02,40869.6500,1
SGH9,16:00:02,41678.9500,1
SGH9,16:00:02,39251.0500,5
SGH9,16:00:02,41274.3000,10
SGH9,16:00:07,39251.0500,5
SGH9,16:00:09,42083.6000,5
SGH9,16:00:10,39655.7000,5
SGH9,16:00:10,42083.6000,1
SGH9,16:12:41,40467.0000,5
SGH9,16:22:33,41678.9500,5
SGH9,16:22:33,41678.9500,2
SGH9,16:22:33,42086.7200,2
SGH9,16:23:15,40465.0000,5
SGH9,16:25:52,40465.0000,5
SGH9,16:27:14,42488.2500,5
SGH9,16:28:10,41678.9500,5
SGH9,16:28:52,42083.6000,5
SGH9,16:29:07,41274.3000,5
SGH9,16:29:41,38846.4000,5
SGH9,16:30:00,38441.7500,5
SGH9,16:30:01,41678.9500,1
SGH9,16:32:50,41678.9500,5
SGH9,16:46:55,40869.6500,2
SGH9,16:46:55,42488.2500,4
SGH9,16:46:55,39251.0500,5
SGH9,16:46:55,39251.0500,5
SGH9,16:47:04,40060.3500,2
SGH9,16:47:04,41274.3000,5
SGH9,16:47:04,42488.2500,5
SGH9,16:47:04,38441.7500,10
SGH9,16:47:04,42488.2500,5
SGH9,16:47:05,40869.6500,1
SGH9,16:47:05,39251.0500,5
SGH9,16:47:09,38846.4000,5
SGH9,16:47:09,39251.0500,2
SGH9,16:47:09,40060.3500,10
SGH9,16:47:18,42083.6000,5
SGH9,16:47:24,40061.3400,8
SGH9,16:47:25,39251.0500,4
SGH9,16:50:09,41671.7400,3
SGH9,16:51:05,41671.7400,1
SGH9,16:51:05,42480.9000,2
SGH9,16:51:05,41671.7400,1
SGH9,16:51:05,41675.8600,2
SGH9,17:02:51,42056.5600,1
SGH9,17:07:35,39593.9600,2
SGH9,17:07:35,41614.0600,2
SGH9,17:08:38,41613.0300,1
SGH9,17:08:38,39996.9900,7
SGH9,17:10:30,41205.9600,1
SGH9,17:11:13,40804.0000,1
SGH9,17:29:05,40449.0000,1
SGH9,17:37:31,39652.7600,1
SGH9,17:43:09,42021.2000,1
SGH9,17:43:14,39996.9900,1
SGH9,17:43:26,40392.0000,5
SGH9,17:44:10,38368.6000,1
SGH9,17:44:10,39983.1300,4
SGH9,17:44:10,39983.1300,1
SGH9,17:44:10,38364.8000,1
SGH9,17:44:10,40383.0000,5
SGH9,17:44:11,40379.0000,1
SGH9,17:57:25,39216.1300,1
SGH9,18:00:58,42460.9500,1
SGH9,18:03:35,40850.4600,1
SGH9,18:09:35,38434.1500,2
SGH9,18:14:52,39604.7400,1
SGH9,18:14:52,39603.7600,1
SGH9,18:16:02,38377.1500,1
SGH9,18:16:02,38777.2800,1
SGH9,18:20:37,40788.8500,1
SGH9,18:20:37,41590.3700,1
SGH9,18:23:02,41186.5800,2
SGH9,18:23:02,41994.1600,1
SGH9,18:24:31,42397.9500,1
SGH9,18:25:52,39563.5800,10
SGH9,18:27:18,41617.1500,1
SGH9,18:32:15,39163.7500,1
SGH9,18:34:24,40766.6300,1
SGH9,18:34:24,40766.6300,1
SGH9,18:36:01,41168.2200,1
SGH9,18:36:01,40762.5900,1
SGH9,18:36:09,40363.0000,8
SGH9,18:36:09,39963.3300,1
SGH9,18:36:09,41578.0100,1
SGH9,18:36:09,40380.0000,2
SGH9,18:36:09,40371.0000,2
SGH9,18:36:09,41582.1300,4
SGH9,18:39:00,41936.9600,1
SGH9,18:39:00,40725.2200,1
SGH9,19:00:45,41516.2100,2
SGH9,19:00:45,38290.7000,2
SGH9,19:00:45,41913.0400,1
SGH9,19:00:45,42315.0000,1
SGH9,19:00:53,40303.0000,1
SGH9,19:00:58,40301.0000,1
SGH9,19:01:10,40301.0000,2
SGH9,19:01:33,38658.2400,1
SGH9,19:01:44,39064.8100,1
SGH9,19:02:30,41506.9400,1
SGH9,19:02:31,40700.9800,1
SGH9,19:02:31,41909.9200,1
SGH9,19:02:31,41506.9400,1
SGH9,19:02:32,41909.9200,1
SGH9,19:02:32,41506.9400,1
SGH9,19:02:36,39893.0400,1
SGH9,19:02:37,41504.8800,1
SGH9,19:02:37,41907.8400,1
SGH9,19:02:38,41907.8400,1
SGH9,19:02:38,38684.1600,1
SGH9,19:06:34,41538.8700,1
SGH9,19:16:04,38719.6800,12
SGH9,20:58:39,39177.3300,1
SGH9,21:00:39,41123.3400,2
SGH9,21:13:53,38760.0000,1
SGH9,22:09:55,40373.0000,1
SGH9,22:09:55,39568.4800,1
SGH9,22:09:55,39973.2300,3
SGH9,22:09:55,39166.6600,1
SGH9,22:09:55,38361.0000,1
SGH9,22:09:55,40783.8000,2
SGH9,22:25:38,38806.0800,1
SGH9,22:25:38,39210.3100,1
SGH9,22:25:38,38401.8500,1
SGH9,23:45:14,38836.8000,1
SGH9,23:47:44,39645.9000,1
SGH9,10:02:20,41200.8600,1
SGH9,10:05:30,41600.6700,1
SGH9,10:05:39,42408.4500,1
SGH9,10:05:42,38369.5500,1
SGH9,10:05:44,40389.0000,1
SGH9,10:12:54,41196.7800,1
SGH9,10:13:09,41196.7800,1
SGH9,10:13:13,40389.0000,4
SGH9,10:13:13,40389.0000,3
SGH9,10:13:13,40792.8900,1
SGH9,10:13:39,42004.5600,1
SGH9,10:13:43,39985.1100,5
SGH9,10:13:43,40792.8900,1
SGH9,10:14:00,40792.8900,2
SGH9,10:14:00,41600.6700,5
SGH9,10:14:00,40389.0000,2
SGH9,10:14:00,40792.8900,2
SGH9,10:14:00,40389.0000,3
SGH9,10:14:00,39581.2200,1
SGH9,10:14:00,41216.1600,2
SGH9,10:14:00,41216.1600,10
SGH9,10:14:11,42034.7200,1
SGH9,10:14:13,42034.7200,1
SGH9,10:14:45,39986.1000,1
SGH9,10:15:02,42029.5200,1
SGH9,10:15:02,41626.4200,1
SGH9,10:20:01,38835.8400,2
SGH9,10:20:01,38851.2000,1
SGH9,10:20:01,39260.7500,1
SGH9,10:23:37,41671.7400,1
SGH9,10:26:49,42480.9000,1
SGH9,10:38:19,39696.8600,1
SGH9,10:41:06,40534.0000,3
SGH9,10:41:06,41344.6800,3
SGH9,10:41:11,42560.7000,3
SGH9,10:41:11,40534.0000,3
SGH9,10:41:21,40534.0000,5
SGH9,10:41:21,42560.7000,3
SGH9,10:41:29,39317.9800,1
SGH9,10:42:01,41750.0200,10
SGH9,10:46:25,42536.5500,1
SGH9,10:50:52,40939.3400,2
SGH9,10:50:52,38912.6400,1
SGH9,10:50:53,42560.7000,1
SGH9,10:50:53,38912.6400,1
SGH9,10:50:53,41750.0200,1
SGH9,10:50:56,41344.6800,5
SGH9,10:50:56,38507.3000,2
SGH9,10:50:56,40534.0000,1
SGH9,10:50:56,39723.3200,1
SGH9,10:50:56,41750.0200,5
SGH9,10:50:56,42560.7000,5
SGH9,10:50:56,41344.6800,1
SGH9,10:52:09,39760.5600,1
SGH9,10:59:03,42198.0000,1
SGH9,10:59:33,39333.5000,1
SGH9,11:00:18,38923.2000,1
SGH9,11:00:54,40560.0000,1
SGH9,11:00:56,40970.6500,1
SGH9,11:08:14,39328.6500,1
SGH9,11:11:58,42586.9500,1
SGH9,11:16:57,38928.9600,1
SGH9,11:17:02,41367.1200,1
SGH9,11:18:57,40959.5400,1
SGH9,11:19:33,38529.1500,2
SGH9,11:20:57,39347.0800,1
SGH9,11:21:38,40158.3600,5
SGH9,11:21:57,41339.5800,1
SGH9,11:22:04,39723.3200,5
SGH9,11:22:04,41744.8700,1
SGH9,11:22:06,40123.7100,4
SGH9,11:22:57,40519.0000,1
SGH9,11:23:24,38503.5000,1
SGH9,11:23:24,42556.5000,1
SGH9,11:24:02,38926.0800,1
SGH9,11:24:02,40143.5100,4
SGH9,11:25:02,41358.9600,1
SGH9,11:26:02,40953.4800,1
SGH9,11:26:02,42176.1600,4
SGH9,11:27:04,40958.5300,2
SGH9,11:28:57,39322.8300,1
SGH9,11:29:57,42565.9500,1
SGH9,11:30:57,41755.1700,2
SGH9,11:30:57,39728.2200,1
SGH9,11:31:57,42172.0000,1
SGH9,11:33:30,41370.1800,1
SGH9,11:33:30,41775.7700,1
SGH9,11:33:57,38516.8000,1
SGH9,11:34:02,38523.4500,2
SGH9,11:40:50,42592.2000,1
SGH9,11:44:39,39337.3800,5
SGH9,11:45:20,41765.4700,2
SGH9,11:53:01,39741.9400,1
SGH9,11:53:14,41375.2800,1
SGH9,11:53:38,41787.1000,1
SGH9,11:54:17,39758.6000,1
SGH9,11:54:18,39759.5800,1
SGH9,11:54:51,41788.1300,1
SGH9,11:54:51,40976.7100,1
SGH9,11:55:12,42604.8000,1
SGH9,12:09:50,40124.7000,1
SGH9,12:09:50,38908.8000,1
SGH9,12:09:50,38503.5000,1
SGH9,12:09:50,38503.5000,1
SGH9,12:09:50,40935.3000,1
SGH9,12:09:50,40935.3000,2
SGH9,12:19:06,42184.4800,1
SGH9,12:19:07,39750.7600,1
SGH9,12:19:08,38533.9000,1
SGH9,12:19:09,38940.4800,1
SGH9,12:19:10,42185.5200,1
SGH9,12:19:11,41374.2600,1
SGH9,12:19:13,40563.0000,1
SGH9,12:19:13,40565.0000,1
SGH9,12:26:35,38551.9500,2
SGH9,12:27:12,41797.4000,1
SGH9,12:27:12,41391.6000,1
SGH9,12:27:12,39768.4000,1
SGH9,12:27:12,38551.0000,1
SGH9,12:27:21,40985.8000,1
SGH9,12:27:25,42203.2000,1
SGH9,12:52:51,39359.6900,1
SGH9,12:52:52,41794.3100,1
SGH9,12:52:53,38953.9200,1
SGH9,13:02:44,39338.3500,2
SGH9,13:02:44,39739.0000,2
SGH9,13:02:44,40962.5700,4
SGH9,13:02:44,40955.5000,2
SGH9,13:02:44,40962.5700,1
SGH9,13:02:44,40962.5700,3
SGH9,13:02:44,40955.5000,3
SGH9,13:02:44,39333.5000,9
SGH9,13:02:44,40144.5000,1
SGH9,13:02:44,40950.4500,2
SGH9,13:02:44,42572.2500,2
SGH9,13:02:44,40139.5500,2
SGH9,13:02:44,42166.8000,2
SGH9,13:02:44,40545.0000,2
SGH9,13:02:44,42166.8000,2
SGH9,13:02:44,40545.0000,2
SGH9,13:02:44,39734.1000,2
SGH9,13:02:44,40134.6000,2
SGH9,13:02:44,39323.8000,2
SGH9,13:02:44,41756.2000,2
SGH9,13:02:44,38513.9500,2
SGH9,13:02:44,40135.5900,2
SGH9,13:02:44,42568.0500,1
SGH9,13:02:44,39730.1800,1
SGH9,13:11:50,40537.0000,2
SGH9,13:11:50,40131.6300,7
SGH9,13:11:50,40131.6300,2
SGH9,13:11:50,41753.1100,2
SGH9,13:11:50,40538.0000,2
SGH9,13:11:50,40546.0000,2
SGH9,13:13:26,42167.8400,1
SGH9,13:49:54,38534.8500,2
SGH9,13:49:54,39756.6400,1
SGH9,13:49:54,40166.2800,2
SGH9,13:49:54,39763.5000,7
SGH9,13:59:00,40978.7300,2
SGH9,13:59:00,40991.8600,1
SGH9,13:59:00,39368.4200,1
SGH9,14:39:30,40133.6100,2
SGH9,14:39:31,42565.9500,2
SGH9,16:16:56,39361.6300,1
SGH9,16:21:14,42562.8000,1
SGH9,16:21:19,40540.0000,1
SGH9,16:21:28,40540.0000,1
SGH9,16:45:39,42561.7500,2
SGH9,17:11:33,38515.8500,1
SGH9,17:11:48,42570.1500,1
SGH9,17:11:52,40948.4300,1
SGH9,17:11:54,40543.0000,1
SGH9,17:11:59,39732.1400,1
SGH9,17:13:15,39734.1000,1
SGH9,17:15:36,41351.8200,1
SGH9,17:16:06,38517.7500,1
SGH9,17:16:19,40545.0000,1
