SECID,TRADETIME,PRICE,QUANTITY
SiM9,19:06:47,63663.3000,2
SiM9,19:06:47,69024.4200,1
SiM9,19:06:47,64347.8400,1
SiM9,19:06:47,63677.5500,9
SiM9,19:06:48,69025.4500,1
SiM9,19:07:01,69693.5200,1
SiM9,19:07:01,65007.4600,3
SiM9,19:07:01,66349.8000,3
SiM9,19:07:36,69020.3000,1
SiM9,19:07:36,70360.5000,1
SiM9,19:07:37,67010.0000,1
SiM9,19:07:37,70360.5000,2
SiM9,19:07:37,64991.9400,1
SiM9,19:07:37,69011.0300,1
SiM9,19:07:37,69011.0300,1
SiM9,19:07:37,66330.0000,3
SiM9,19:07:37,69680.0000,1
SiM9,19:07:37,67000.0000,1
SiM9,19:07:37,69010.0000,1
SiM9,19:07:37,69010.0000,1
SiM9,19:07:37,67000.0000,1
SiM9,19:07:37,70348.9500,3
SiM9,19:07:37,68338.9800,3
SiM9,19:07:38,64982.2400,1
SiM9,19:08:01,65642.3600,1
SiM9,19:08:42,63650.0000,1
SiM9,19:08:52,67003.0000,1
SiM9,19:08:53,69684.1600,2
SiM9,19:09:30,67671.0100,1
SiM9,19:09:45,70351.0500,1
SiM9,19:09:53,67002.0000,1
SiM9,19:10:56,69030.6000,1
SiM9,19:10:56,68360.4000,4
SiM9,19:11:02,67042.0000,1
SiM9,19:11:27,66372.5700,1
SiM9,19:11:27,66372.5700,3
SiM9,19:11:27,69725.7600,1
SiM9,19:11:29,67043.0000,1
SiM9,19:12:10,69755.9200,1
SiM9,19:12:11,64391.0400,1
SiM9,19:13:26,69100.6400,2
SiM9,19:14:02,65757.0200,1
SiM9,19:14:02,65087.0000,1
SiM9,19:14:02,69113.0000,1
SiM9,19:14:02,70455.0000,5
SiM9,19:14:02,65758.0000,10
SiM9,19:14:08,69784.0000,1
SiM9,19:14:09,64416.0000,1
SiM9,19:14:09,69113.0000,1
SiM9,19:14:09,70455.0000,3
SiM9,19:14:09,68442.0000,1
SiM9,19:18:45,64362.2400,1
SiM9,19:21:22,69052.2300,1
SiM9,19:22:19,63720.3000,1
SiM9,19:23:54,67722.5200,1
SiM9,19:23:55,64368.0000,1
SiM9,19:24:24,66373.5600,1
SiM9,19:24:51,67705.3500,1
SiM9,19:24:52,67705.3500,1
SiM9,19:24:52,64353.6000,3
SiM9,19:27:33,64391.0400,1
SiM9,19:30:50,69733.0400,1
SiM9,19:33:04,69725.7600,1
SiM9,19:33:52,65704.1000,1
SiM9,19:40:08,67710.4000,1
SiM9,19:40:08,66369.6000,1
SiM9,19:40:08,63688.0000,1
SiM9,19:40:08,67710.4000,1
SiM9,19:45:16,63662.3500,1
SiM9,19:46:04,68340.0000,1
SiM9,19:46:04,69010.0000,1
SiM9,19:46:22,63640.5000,1
SiM9,19:48:45,69676.8800,1
SiM9,19:50:38,69680.0000,6
SiM9,19:50:38,67000.0000,4
SiM9,19:50:46,67670.0000,1
SiM9,19:51:35,68366.5200,1
SiM9,19:52:20,65032.6800,1
SiM9,19:52:21,69061.5000,1
SiM9,19:52:21,63711.7500,1
SiM9,19:54:30,67744.7400,1
SiM9,19:54:30,68419.5600,1
SiM9,20:04:51,69074.8900,1
SiM9,20:06:54,64413.1200,10
SiM9,20:06:54,70452.9000,3
SiM9,20:06:54,69111.9700,3
SiM9,20:06:54,68440.9800,3
SiM9,20:06:54,68442.0000,1
SiM9,20:11:08,63745.0000,1
SiM9,20:11:08,65087.0000,3
SiM9,20:11:08,66429.0000,1
SiM9,20:11:21,66429.0000,3
SiM9,20:11:21,67771.0000,1
SiM9,20:21:54,65762.9000,1
SiM9,20:25:39,69795.4400,1
SiM9,20:26:32,67125.0000,1
SiM9,20:26:32,67125.0000,1
SiM9,20:26:32,65782.5000,3
SiM9,20:26:32,69138.7500,3
SiM9,20:26:42,67126.0000,1
SiM9,20:26:42,64440.9600,2
SiM9,20:27:22,69821.4400,1
SiM9,20:27:48,69815.2000,5
SiM9,20:27:51,70502.2500,1
SiM9,20:30:08,69164.5000,2
SiM9,20:40:57,65098.6400,3
SiM9,20:40:57,65098.6400,3
SiM9,20:40:57,64427.5200,3
SiM9,20:40:57,65098.6400,3
SiM9,20:40:57,65098.6400,4
SiM9,20:40:59,70466.5500,1
SiM9,20:41:04,67783.1200,1
SiM9,20:41:20,63756.4000,3
SiM9,20:41:20,67783.1200,3
SiM9,20:41:20,66440.8800,4
SiM9,20:41:20,63756.4000,3
SiM9,20:49:14,64423.6800,1
SiM9,20:56:22,67786.1500,1
SiM9,20:57:42,69130.5100,9
SiM9,20:57:42,70472.8500,1
SiM9,20:57:50,69143.9000,17
SiM9,20:57:50,66458.7000,6
SiM9,20:57:50,66459.6900,3
SiM9,20:57:50,70487.5500,6
SiM9,20:57:50,70487.5500,1
SiM9,21:06:22,63754.5000,1
SiM9,21:07:09,65101.5500,1
SiM9,21:07:31,69118.1500,1
SiM9,21:08:10,65767.8000,1
SiM9,21:08:13,65096.7000,3
SiM9,21:08:13,65767.8000,7
SiM9,21:08:13,69123.3000,3
SiM9,21:08:13,63754.5000,5
SiM9,21:09:18,70465.5000,3
SiM9,21:19:03,70455.0000,1
SiM9,21:19:03,65087.0000,3
SiM9,21:19:03,65087.0000,3
SiM9,21:19:03,65087.0000,3
SiM9,21:19:03,63745.0000,1
SiM9,21:27:39,69097.5500,4
SiM9,21:42:07,67784.1300,3
SiM9,21:42:07,67784.1300,3
SiM9,21:42:07,65770.7400,3
SiM9,21:42:07,64428.4800,1
SiM9,21:42:10,67103.0000,1
SiM9,21:42:33,67108.0000,3
SiM9,21:42:33,70463.4000,3
SiM9,21:42:33,65094.7600,3
SiM9,21:42:33,64423.6800,1
SiM9,21:48:33,64423.6800,1
SiM9,21:48:48,64421.7600,1
SiM9,21:58:28,70455.0000,1
SiM9,21:58:28,67098.0000,3
SiM9,21:58:28,70452.9000,3
SiM9,21:58:28,67768.9800,3
SiM9,21:58:28,69086.2200,1
SiM9,21:58:28,69754.8800,7
SiM9,21:58:28,64385.2800,40
SiM9,21:58:28,65048.2000,32
SiM9,21:58:28,68440.9800,4
SiM9,21:59:13,70442.4000,3
SiM9,21:59:13,69099.6100,3
SiM9,21:59:13,67757.8700,3
SiM9,21:59:24,67755.8500,2
SiM9,21:59:24,67085.0000,3
SiM9,21:59:24,66414.1500,3
SiM9,21:59:24,66414.1500,3
SiM9,21:59:24,69097.5500,5
SiM9,21:59:24,68426.7000,3
SiM9,21:59:26,70439.2500,3
SiM9,21:59:26,67085.0000,5
SiM9,22:01:12,65091.8500,1
SiM9,22:04:48,65758.0000,4
SiM9,22:05:41,65093.7900,3
SiM9,22:05:41,66435.9300,1
SiM9,22:12:41,66464.6400,1
SiM9,22:12:49,69824.5600,1
SiM9,22:28:21,69143.9000,4
SiM9,22:28:32,67137.0000,3
SiM9,22:28:32,67137.0000,3
SiM9,22:28:32,67137.0000,3
SiM9,22:28:32,66465.6300,1
SiM9,22:28:45,63773.5000,3
SiM9,22:28:45,69815.2000,3
SiM9,22:43:43,64440.0000,1
SiM9,22:44:02,67105.0000,1
SiM9,23:13:45,69784.0000,1
SiM9,23:14:28,69784.0000,1
SiM9,23:14:28,66429.0000,2
SiM9,23:14:28,67100.0000,3
SiM9,23:16:52,68439.9600,1
SiM9,23:17:47,70434.0000,1
SiM9,23:17:47,69092.4000,1
SiM9,23:18:53,70435.0500,1
SiM9,23:18:53,66409.2000,1
SiM9,23:20:11,63736.4500,1
SiM9,23:20:53,69092.4000,4
SiM9,23:20:53,65067.6000,3
SiM9,23:21:12,63720.3000,1
SiM9,23:21:12,64391.0400,1
SiM9,23:30:11,69118.1500,1
SiM9,23:30:13,66436.9200,1
SiM9,23:31:53,68452.2000,1
SiM9,23:31:53,67110.0000,3
SiM9,23:31:53,63754.5000,1
SiM9,10:00:00,70428.7500,1
SiM9,10:00:00,65062.7500,1
SiM9,10:00:00,67075.0000,1
SiM9,10:00:00,64392.0000,1
SiM9,10:00:00,65062.7500,1
SiM9,10:00:00,65062.7500,1
SiM9,10:00:00,69087.2500,1
SiM9,10:00:00,66404.2500,1
SiM9,10:00:00,64392.0000,1
SiM9,10:00:00,66404.2500,1
SiM9,10:00:00,69086.2200,1
SiM9,10:00:01,69085.1900,1
SiM9,10:00:01,67044.0000,1
SiM9,10:00:02,70425.6000,3
SiM9,10:00:02,65732.5200,1
SiM9,10:00:02,68493.0000,1
SiM9,10:00:02,67162.0000,1
SiM9,10:00:02,67833.6200,8
SiM9,10:00:02,68430.7800,6
SiM9,10:00:02,65722.7200,10
SiM9,10:00:02,64362.2400,1
SiM9,10:00:04,65683.5200,3
SiM9,10:00:04,65013.2800,7
SiM9,10:00:04,66361.6800,1
SiM9,10:00:04,64349.7600,1
SiM9,10:00:04,69041.9300,1
SiM9,10:00:04,67030.0000,1
SiM9,10:00:05,65006.4900,1
SiM9,10:00:06,65022.0100,1
SiM9,10:00:06,69057.3800,1
SiM9,10:00:15,64362.2400,1
SiM9,10:00:58,65058.8700,1
SiM9,10:00:58,65061.7800,1
SiM9,10:01:09,70438.2000,1
SiM9,10:01:10,67105.0000,1
SiM9,10:01:26,66434.9400,3
SiM9,10:01:26,69119.1800,2
SiM9,10:02:55,69086.2200,1
SiM9,10:02:55,63720.3000,3
SiM9,10:02:55,67069.0000,3
SiM9,10:02:55,64386.2400,1
SiM9,10:02:55,70425.6000,3
SiM9,10:02:55,65734.4800,1
SiM9,10:02:55,64383.3600,3
SiM9,10:06:11,63691.8000,1
SiM9,10:06:20,64354.5600,1
SiM9,10:06:58,63665.2000,1
SiM9,10:06:58,63662.3500,1
SiM9,10:07:00,68351.2200,3
SiM9,10:07:19,69021.3300,1
SiM9,10:07:19,68351.2200,3
SiM9,10:07:19,70361.5500,1
SiM9,10:07:19,65660.9800,1
SiM9,10:07:19,67000.0000,1
SiM9,10:07:19,70350.0000,1
SiM9,10:07:20,63650.0000,1
SiM9,10:07:20,69010.0000,1
SiM9,10:07:20,70350.0000,1
SiM9,10:07:20,68340.0000,1
SiM9,10:07:20,67670.0000,3
SiM9,10:07:20,70350.0000,4
SiM9,10:07:20,63650.0000,7
SiM9,10:07:20,63650.0000,4
SiM9,10:07:20,64990.0000,1
SiM9,10:07:20,70350.0000,1
SiM9,10:07:23,65657.0600,2
SiM9,10:10:00,65656.0800,1
SiM9,10:10:01,68997.6400,1
SiM9,10:10:01,68335.9200,1
SiM9,10:10:01,66318.1200,1
SiM9,10:10:01,63632.9000,1
SiM9,10:10:02,65656.0800,1
SiM9,10:10:03,67664.9500,1
SiM9,10:10:04,68321.6400,1
SiM9,10:11:35,66322.0800,1
SiM9,10:11:35,64312.3200,1
SiM9,10:11:35,69672.7200,1
SiM9,10:11:35,66323.0700,1
SiM9,10:11:35,66994.0000,1
SiM9,10:11:35,66324.0600,1
SiM9,10:11:35,66324.0600,1
SiM9,10:11:35,65655.1000,1
SiM9,10:11:35,64315.2000,1
SiM9,10:11:35,66996.0000,1
SiM9,10:11:35,63646.2000,1
SiM9,10:11:35,65657.0600,1
SiM9,10:11:35,69676.8800,1
SiM9,10:11:35,64988.0600,1
SiM9,10:11:36,66998.0000,1
SiM9,10:11:36,67668.9900,1
SiM9,10:11:47,69690.4000,1
SiM9,10:11:47,67010.0000,3
SiM9,10:11:56,69020.3000,5
SiM9,10:12:12,70364.7000,1
SiM9,10:12:34,66327.0300,1
SiM9,10:13:12,65003.5800,7
SiM9,10:13:30,69700.8000,7
SiM9,10:14:01,66349.8000,1
SiM9,10:14:46,67680.1000,3
SiM9,10:14:46,65669.8000,2
SiM9,10:17:15,66336.9300,10
SiM9,10:17:55,67020.0000,8
SiM9,10:17:56,69706.0000,1
SiM9,10:18:12,65025.8900,3
SiM9,10:18:20,67711.4100,3
SiM9,10:19:54,66383.4600,1
SiM9,10:19:54,69065.6200,8
SiM9,10:19:57,65042.3800,3
SiM9,10:19:57,68395.0800,3
SiM9,10:19:57,63701.3000,3
SiM9,10:19:57,68394.0600,10
SiM9,10:19:57,68393.0400,4
SiM9,10:19:57,69063.5600,3
SiM9,10:23:11,69094.4600,1
SiM9,10:23:12,70442.4000,2
SiM9,10:32:28,65758.0000,1
SiM9,10:32:28,64416.0000,3
SiM9,10:32:28,67100.0000,1
SiM9,10:32:28,65096.7000,3
SiM9,10:32:39,65097.6700,1
SiM9,10:32:50,68456.2800,3
SiM9,10:33:03,70470.7500,3
SiM9,10:33:18,69137.7200,4
SiM9,10:33:18,67796.2500,10
SiM9,10:33:35,65796.2200,1
SiM9,10:33:36,65797.2000,3
SiM9,10:33:36,64454.4000,3
SiM9,10:33:36,65125.8000,3
SiM9,10:35:15,67816.4500,10
SiM9,10:35:15,64460.1600,5
SiM9,10:35:43,65135.5000,2
SiM9,10:37:03,67831.6000,3
SiM9,10:37:03,69846.4000,3
SiM9,10:37:20,65824.6400,1
SiM9,10:37:40,64488.0000,2
SiM9,10:38:25,70547.4000,2
SiM9,10:38:25,70537.9500,3
SiM9,10:38:25,67179.0000,3
SiM9,10:38:42,69883.8400,1
SiM9,10:38:45,68544.0000,1
SiM9,10:38:45,65184.0000,1
SiM9,10:38:45,70560.0000,1
SiM9,10:38:45,69888.0000,2
SiM9,10:38:45,63840.0000,1
SiM9,10:38:45,67882.1000,2
SiM9,10:38:45,70575.7500,1
SiM9,10:40:01,64536.0000,1
SiM9,10:40:01,67225.0000,1
SiM9,10:40:03,67885.1300,3
SiM9,10:40:03,70573.6500,3
SiM9,10:40:03,69901.5200,3
SiM9,10:40:03,65868.7400,3
SiM9,10:40:03,70571.5500,8
SiM9,10:40:09,63852.3500,10
SiM9,10:40:11,66541.8600,5
SiM9,10:40:11,68558.2800,3
SiM9,10:40:11,67886.1400,3
SiM9,10:40:11,70574.7000,3
SiM9,10:40:11,67881.0900,3
SiM9,10:40:11,67878.0600,3
SiM9,10:40:21,67884.1200,3
SiM9,10:40:31,65205.3400,1
SiM9,10:40:33,66549.7800,4
SiM9,10:41:02,64522.5600,1
SiM9,10:42:15,70598.8500,1
SiM9,10:42:15,65219.8900,3
SiM9,10:42:15,65219.8900,2
SiM9,10:42:15,65892.2600,1
SiM9,10:42:23,67922.5000,1
SiM9,10:42:23,65232.5000,1
SiM9,10:42:26,69943.1200,1
SiM9,10:42:38,69952.4800,8
SiM9,10:42:38,68607.2400,10
SiM9,10:42:38,70632.4500,3
SiM9,10:42:39,68619.4800,8
SiM9,10:42:39,69964.9600,6
SiM9,10:42:45,63905.5500,1
SiM9,10:43:09,64576.3200,10
SiM9,10:43:24,69950.4000,8
SiM9,10:43:28,65248.9900,40
SiM9,10:43:28,66594.3300,7
SiM9,10:43:28,63903.6500,1
SiM9,10:43:51,67932.6000,12
SiM9,10:43:58,63878.9500,1
SiM9,10:43:58,63878.9500,2
SiM9,10:43:58,66568.5900,3
SiM9,10:43:58,70603.0500,2
SiM9,10:43:58,66568.5900,1
SiM9,10:43:58,67913.4100,6
SiM9,10:45:31,65880.5000,1
SiM9,10:46:07,63873.2500,5
SiM9,10:46:53,68593.9800,1
SiM9,10:47:13,64560.0000,5
SiM9,10:47:15,70615.6500,1
SiM9,10:48:29,68607.2400,3
SiM9,10:48:29,69279.8600,3
SiM9,10:48:29,67263.0000,3
SiM9,10:48:29,69953.5200,3
SiM9,10:48:29,70626.1500,3
SiM9,10:48:29,69954.5600,3
SiM9,10:48:29,64573.4400,3
SiM9,10:48:29,68609.2800,3
SiM9,10:48:30,69279.8600,3
SiM9,10:48:30,67934.6200,3
SiM9,10:48:30,65916.7600,3
SiM9,10:48:30,67935.6300,3
SiM9,10:48:30,66590.3700,3
SiM9,10:48:30,63899.8500,3
SiM9,10:48:30,69280.8900,3
SiM9,10:48:48,68619.4800,1
SiM9,10:48:52,66602.2500,1
SiM9,10:49:05,67274.0000,3
SiM9,10:49:05,69964.9600,12
SiM9,10:49:12,67946.7400,15
SiM9,10:51:10,67261.0000,3
SiM9,10:51:10,69278.8300,3
SiM9,10:51:10,69278.8300,3
SiM9,10:51:34,70623.0000,1
SiM9,10:54:15,67262.0000,50
SiM9,10:55:47,67236.0000,3
SiM9,10:55:47,67908.3600,3
SiM9,10:55:47,65891.2800,3
SiM9,10:55:47,65890.3000,1
SiM9,10:59:18,68581.7400,12
SiM9,11:00:01,70598.8500,3
SiM9,11:00:01,67909.3700,3
SiM9,11:00:01,63875.1500,3
SiM9,11:00:01,64547.5200,3
SiM9,11:00:01,70598.8500,1
SiM9,11:04:05,69925.4400,1
SiM9,11:04:36,69241.7500,1
SiM9,11:05:55,68569.5000,1
SiM9,11:07:23,69251.0200,1
SiM9,11:07:33,64555.2000,1
SiM9,11:08:45,65235.4100,1
SiM9,11:11:23,67947.7500,1
SiM9,11:11:27,69299.4300,1
SiM9,11:11:32,69979.5200,2
SiM9,11:11:32,63923.6000,3
SiM9,11:11:32,68633.7600,3
SiM9,11:11:32,68633.7600,3
SiM9,11:11:33,67300.0000,1
SiM9,11:11:33,68646.0000,5
SiM9,11:11:33,70665.0000,1
SiM9,11:11:33,65954.0000,1
SiM9,11:11:33,65954.0000,1
SiM9,11:11:34,70665.0000,4
SiM9,11:11:35,63935.9500,1
SiM9,11:11:38,68655.1800,1
SiM9,11:11:40,69326.2100,3
SiM9,11:11:40,65960.8600,3
SiM9,11:11:40,63941.6500,3
SiM9,11:11:40,63941.6500,3
SiM9,11:11:40,65287.7900,3
SiM9,11:11:40,65960.8600,3
SiM9,11:11:40,65960.8600,3
SiM9,11:12:17,65979.4800,1
SiM9,11:14:09,70013.8400,1
SiM9,11:14:42,68684.7600,1
SiM9,11:15:05,70717.5000,1
SiM9,11:15:09,70052.3200,1
SiM9,11:15:16,69369.4700,2
SiM9,11:16:09,68705.1600,4
SiM9,11:16:31,68695.9800,1
SiM9,11:17:07,64639.6800,3
SiM9,11:17:07,65313.0100,3
SiM9,11:17:07,70699.6500,3
SiM9,11:17:44,68001.2800,7
SiM9,11:17:44,66654.7200,3
SiM9,11:18:38,68656.2000,3
SiM9,11:19:03,64616.6400,1
SiM9,11:19:03,67979.0600,8
SiM9,11:19:03,67979.0600,6
SiM9,11:19:03,69325.1800,3
SiM9,11:23:43,70006.5600,8
SiM9,11:24:59,69998.2400,7
SiM9,11:24:59,63940.7000,1
SiM9,11:24:59,65285.8500,1
SiM9,11:24:59,64612.8000,1
SiM9,11:25:34,69987.8400,1
SiM9,11:25:34,66623.0400,1
SiM9,11:25:34,66623.0400,1
SiM9,11:28:22,67319.0000,1
SiM9,11:30:26,65991.2400,1
SiM9,11:34:40,70704.9000,1
SiM9,11:39:57,69350.9300,10
SiM9,11:39:57,66657.6900,3
SiM9,11:39:57,65311.0700,3
SiM9,11:39:57,69350.9300,3
SiM9,11:40:58,65308.1600,10
SiM9,11:41:19,67316.0000,4
SiM9,11:42:02,70001.3600,1
SiM9,11:42:02,70001.3600,1
SiM9,11:42:04,70008.6400,1
SiM9,11:45:38,68684.7600,1
SiM9,11:49:25,63976.8000,10
SiM9,11:49:25,66670.5600,3
SiM9,11:49:25,63976.8000,3
SiM9,11:49:25,70037.7600,3
SiM9,11:49:25,68691.9000,8
SiM9,11:49:25,67345.0000,8
SiM9,11:49:25,65327.5600,6
SiM9,11:49:25,64658.8800,6
SiM9,11:49:25,64658.8800,8
SiM9,11:49:25,70047.1200,40
SiM9,11:49:25,68032.5900,4
SiM9,11:49:25,69379.7700,140
SiM9,11:49:25,66018.6800,1
SiM9,11:49:25,69391.1000,760
SiM9,11:49:25,64644.4800,1
SiM9,11:50:13,69347.8400,3
SiM9,11:50:37,70028.4000,1
SiM9,11:52:44,70029.4400,1
SiM9,11:55:34,65988.3000,5
SiM9,11:55:34,70028.4000,3
SiM9,11:55:34,66661.6500,3
SiM9,11:55:34,70701.7500,3
SiM9,11:58:06,66639.8700,2
SiM9,11:58:31,64616.6400,1
SiM9,11:59:34,63936.9000,3
SiM9,12:00:04,70001.3600,2
SiM9,12:00:27,67313.0000,2
SiM9,12:00:34,65290.7000,1
SiM9,12:00:34,69329.3000,1
SiM9,12:01:45,65945.1800,1
SiM9,12:02:28,68626.6200,1
SiM9,12:03:47,69993.0400,1
SiM9,12:04:48,70674.4500,1
SiM9,12:05:21,68664.3600,1
SiM9,12:06:24,65304.2800,2
SiM9,12:07:20,66650.7600,2
SiM9,12:07:26,66656.7000,1
SiM9,12:07:35,70023.2000,1
SiM9,12:07:55,65988.3000,1
SiM9,12:07:55,67335.0000,1
SiM9,12:08:09,69357.1100,10
SiM9,12:08:14,70031.5200,1
SiM9,12:08:33,65330.4700,1
SiM9,12:17:33,68024.5100,2
SiM9,12:19:32,68003.3000,2
SiM9,12:22:19,66692.3400,1
SiM9,12:22:21,64675.2000,2
SiM9,12:23:35,66712.1400,1
SiM9,12:23:35,66714.1200,2
SiM9,12:23:35,66040.2400,2
SiM9,12:23:55,69415.8200,1
SiM9,12:23:57,68735.7600,3
SiM9,12:23:57,67388.0000,3
SiM9,12:23:57,64692.4800,3
SiM9,12:23:57,64692.4800,10
SiM9,12:23:57,67387.0000,8
SiM9,12:23:57,68733.7200,8
SiM9,12:23:57,65364.4200,31
SiM9,12:24:13,64703.0400,10
SiM9,12:24:13,64030.0000,1
SiM9,12:24:13,68748.0000,1
SiM9,12:24:13,66726.0000,1
SiM9,12:24:13,70770.0000,1
SiM9,12:24:30,70118.8800,1
SiM9,12:24:30,70804.6500,2
SiM9,12:25:16,67410.0000,4
SiM9,12:25:17,64031.9000,1
SiM9,12:25:29,68067.9400,1
SiM9,12:25:30,64030.9500,8
SiM9,12:25:30,68075.0100,3
SiM9,12:25:30,70771.0500,3
SiM9,12:25:30,66726.9900,3
SiM9,12:28:29,69406.5500,2
SiM9,12:28:29,68732.7000,1
SiM9,12:28:56,68735.7600,3
SiM9,12:29:06,66022.6000,1
SiM9,12:31:41,67422.0000,1
SiM9,12:32:54,68782.6800,1
SiM9,12:32:54,70132.4000,1
SiM9,12:33:08,66770.5500,10
SiM9,12:33:08,70142.8000,3
SiM9,12:33:08,67445.0000,3
SiM9,12:33:08,65421.6500,3
SiM9,12:33:08,68795.9400,8
SiM9,12:33:16,68784.7200,2
SiM9,12:33:16,67436.0000,2
SiM9,12:33:27,65415.8300,1
SiM9,12:34:32,66068.6600,7
SiM9,12:34:32,64046.1500,3
SiM9,12:34:32,68091.1700,3
SiM9,12:34:32,69439.5100,3
SiM9,12:34:32,69438.4800,6
SiM9,12:34:32,66741.8400,9
SiM9,12:34:32,68763.3000,8
SiM9,12:34:32,69437.4500,8
SiM9,12:34:41,70113.6800,3
SiM9,12:34:41,67417.0000,3
SiM9,12:34:41,64046.1500,3
SiM9,12:34:41,64047.1000,1
SiM9,12:37:32,66774.5100,1
SiM9,12:39:08,68107.3300,1
SiM9,12:42:40,64735.6800,1
SiM9,12:46:19,66737.8800,2
SiM9,12:46:19,70093.9200,1
SiM9,12:47:26,64030.9500,1
SiM9,12:47:27,65378.9700,1
SiM9,12:47:27,64705.9200,1
SiM9,12:51:21,70127.2000,8
SiM9,12:51:31,66755.7000,7
SiM9,12:51:31,65407.1000,7
SiM9,12:51:31,70801.5000,6
SiM9,12:51:31,70127.2000,6
SiM9,12:51:31,67430.0000,1
SiM9,12:51:31,69452.9000,18
SiM9,12:51:31,65407.1000,18
SiM9,12:51:31,68104.3000,12
SiM9,12:51:31,64058.5000,15
SiM9,12:51:31,66081.4000,17
SiM9,12:51:31,70127.2000,3
SiM9,12:51:31,67430.0000,3
SiM9,12:51:31,69452.9000,3
SiM9,12:51:32,68778.6000,3
SiM9,12:51:32,68778.6000,1
SiM9,12:51:32,68104.3000,11
SiM9,12:51:32,66081.4000,9
SiM9,12:54:33,67441.0000,1
SiM9,12:54:34,64068.9500,1
SiM9,12:54:34,64743.3600,1
SiM9,12:54:49,67425.0000,1
SiM9,12:54:50,66067.6800,1
SiM9,12:54:50,65393.5200,1
SiM9,12:58:23,69442.6000,1
SiM9,12:58:27,66745.8000,2
SiM9,13:00:49,69471.4400,3
SiM9,13:00:49,66099.0400,2
SiM9,13:02:54,64056.6000,1
SiM9,13:03:00,66071.6000,1
SiM9,13:03:15,64719.3600,3
SiM9,13:03:27,66060.8200,1
SiM9,13:06:35,67427.0000,1
SiM9,13:12:17,68109.3500,1
SiM9,13:12:17,64737.6000,2
SiM9,13:12:17,65411.9500,1
SiM9,13:12:17,67435.0000,2
SiM9,13:15:13,67432.0000,1
SiM9,13:16:56,68782.6800,1
SiM9,13:20:02,68087.1300,1
SiM9,13:21:45,66747.7800,1
SiM9,13:22:58,65399.3400,1
SiM9,13:24:15,64708.8000,3
SiM9,13:24:37,66726.0000,2
SiM9,13:24:37,64704.0000,2
SiM9,13:24:37,68074.0000,1
SiM9,13:26:17,70770.0000,11
SiM9,13:26:17,69422.0000,2
SiM9,13:26:18,68748.0000,2
SiM9,13:26:27,68072.9900,1
SiM9,13:26:43,64707.8400,1
SiM9,13:28:06,70779.4500,1
SiM9,13:29:14,65387.7000,9
SiM9,13:29:15,70780.5000,1
SiM9,13:29:18,64709.7600,7
SiM9,13:29:18,68080.0600,3
SiM9,13:29:18,64709.7600,3
SiM9,13:29:18,69428.1800,3
SiM9,13:29:18,65380.9100,10
SiM9,13:29:18,69429.2100,3
SiM9,13:29:32,65372.1800,1
SiM9,13:29:32,68741.8800,9
SiM9,13:36:31,70071.0400,5
SiM9,13:37:39,64680.9600,1
SiM9,13:38:34,66701.2500,5
SiM9,13:38:48,66018.6800,1
SiM9,13:39:02,70754.2500,8
SiM9,13:39:02,66701.2500,8
SiM9,13:40:48,66702.2400,1
SiM9,13:46:40,63997.7000,1
SiM9,13:47:53,66013.7800,1
SiM9,13:48:44,68713.3200,1
SiM9,13:48:56,65346.9600,1
SiM9,13:49:35,65330.4700,1
SiM9,13:52:46,68717.4000,1
SiM9,13:59:21,68042.6900,3
SiM9,13:59:21,64675.2000,8
SiM9,13:59:21,70739.5500,8
SiM9,13:59:21,64678.0800,1
SiM9,13:59:21,67376.0000,3
SiM9,13:59:21,68723.5200,3
SiM9,13:59:21,69397.2800,3
SiM9,13:59:43,70722.7500,1
SiM9,13:59:43,68702.1000,1
SiM9,13:59:43,69375.6500,1
SiM9,13:59:47,64679.0400,3
SiM9,13:59:47,67374.0000,3
SiM9,13:59:47,70068.9600,3
SiM9,13:59:47,70068.9600,10
SiM9,13:59:47,66700.2600,3
SiM9,14:06:15,70758.4500,3
SiM9,14:06:15,70084.5600,1
SiM9,14:07:22,64023.3500,2
SiM9,14:14:02,67390.0000,1
SiM9,14:15:03,66046.1200,1
SiM9,14:16:07,67412.0000,3
SiM9,14:17:23,69435.3900,3
SiM9,14:17:23,66064.7400,3
SiM9,14:17:23,70783.6500,3
SiM9,14:17:23,67416.0000,1
SiM9,14:17:23,69442.6000,20
SiM9,14:21:43,67422.0000,1
SiM9,14:21:59,64722.2400,9
SiM9,14:21:59,68093.1900,3
SiM9,14:21:59,70789.9500,3
SiM9,14:21:59,68767.3800,3
SiM9,14:21:59,68092.1800,8
SiM9,14:21:59,67415.0000,8
SiM9,14:24:02,64050.9000,1
SiM9,14:31:02,64712.6400,2
SiM9,14:31:12,68100.2600,1
SiM9,14:32:53,65380.9100,1
SiM9,14:33:03,69444.6600,1
SiM9,14:33:03,70793.1000,1
SiM9,14:37:45,65426.5000,1
SiM9,14:37:45,68799.0000,1
SiM9,14:37:45,67450.0000,1
SiM9,14:39:17,66755.7000,1
SiM9,14:39:35,64057.5500,1
SiM9,14:43:53,69443.6300,1
SiM9,14:57:47,69473.5000,1
SiM9,14:57:48,68136.6200,1
SiM9,14:59:54,68123.4900,3
SiM9,14:59:54,67449.0000,3
SiM9,14:59:54,68797.9800,1
SiM9,15:01:22,69487.9200,2
SiM9,15:01:23,66803.2200,1
SiM9,15:01:35,68837.7600,1
SiM9,15:01:54,70187.5200,1
SiM9,15:01:54,64788.4800,7
SiM9,15:01:55,70189.6000,1
SiM9,15:01:55,65475.0000,1
SiM9,15:01:55,64800.0000,1
SiM9,15:01:55,65475.0000,1
SiM9,15:01:55,68175.0000,1
SiM9,15:01:55,66150.0000,1
SiM9,15:02:02,64800.9600,1
SiM9,15:02:02,70206.2400,1
SiM9,15:02:33,66144.1200,8
SiM9,15:02:33,68169.9500,8
SiM9,15:02:33,65471.1200,3
SiM9,15:02:33,64797.1200,1
SiM9,15:05:10,64144.0000,10
SiM9,15:05:10,65494.4000,3
SiM9,15:05:10,64819.2000,3
SiM9,15:05:10,66169.6000,3
SiM9,15:05:10,67523.0000,1
SiM9,15:05:15,69544.5700,3
SiM9,15:05:15,68869.3800,3
SiM9,15:05:15,66843.8100,3
SiM9,15:05:15,69548.6900,1
SiM9,15:05:20,64818.2400,3
SiM9,15:05:20,70219.7600,3
SiM9,15:05:20,64143.0500,3
SiM9,15:05:20,64146.8500,6
SiM9,15:05:20,68873.4600,5
SiM9,15:05:29,68198.2300,1
SiM9,15:05:40,68854.0800,10
SiM9,15:05:40,69529.1200,3
SiM9,15:05:40,64803.8400,3
SiM9,15:05:40,70879.2000,3
SiM9,15:05:40,70203.1200,1
SiM9,15:05:45,66830.9400,3
SiM9,15:05:45,65480.8200,3
SiM9,15:05:45,67506.0000,3
SiM9,15:05:45,64804.8000,1
SiM9,15:05:49,67507.0000,3
SiM9,15:05:49,66831.9300,3
SiM9,15:05:49,66155.8800,3
SiM9,15:05:49,64803.8400,10
SiM9,15:05:49,64800.9600,1
SiM9,15:08:08,66184.3000,1
SiM9,15:08:08,68886.7200,10
SiM9,15:08:08,64172.5000,1
SiM9,15:09:52,65519.6200,3
SiM9,15:09:52,64168.7000,3
SiM9,15:09:52,68221.4600,3
SiM9,15:09:52,67549.0000,10
SiM9,15:09:52,69576.5000,1
SiM9,15:09:57,70927.5000,3
SiM9,15:09:57,65523.5000,3
SiM9,15:09:57,68901.0000,3
SiM9,15:09:57,66875.4900,1
SiM9,15:10:00,66873.5100,3
SiM9,15:10:00,66873.5100,3
SiM9,15:10:00,64171.5500,3
SiM9,15:10:00,70941.1500,1
SiM9,15:10:00,66214.6800,10
SiM9,15:10:53,64158.2500,1
SiM9,15:12:59,70208.3200,10
SiM9,15:12:59,65480.8200,1
SiM9,15:15:00,64831.6800,4
SiM9,15:15:11,70912.8000,1
SiM9,15:15:22,64853.7600,1
SiM9,15:16:53,64156.3500,1
SiM9,15:16:55,69557.9600,3
SiM9,15:16:55,64154.4500,3
SiM9,15:16:55,68881.6200,3
SiM9,15:16:55,64153.5000,10
SiM9,15:16:55,67529.0000,1
SiM9,15:17:02,68882.6400,8
SiM9,15:17:02,64155.4000,2
SiM9,15:17:07,64156.3500,3
SiM9,15:17:07,66182.3400,3
SiM9,15:17:07,69558.9900,3
SiM9,15:17:07,70230.1600,7
SiM9,15:17:07,64827.8400,4
SiM9,15:20:53,69531.1800,1
SiM9,15:20:54,64800.0000,1
SiM9,15:21:02,66145.1000,3
SiM9,15:21:02,70194.8000,3
SiM9,15:21:02,66820.0500,3
SiM9,15:21:02,69519.8500,5
SiM9,15:21:08,66151.9600,1
SiM9,15:21:50,69526.0300,1
SiM9,15:27:46,65479.8500,13
SiM9,15:31:30,64135.4500,10
SiM9,15:31:30,64135.4500,3
SiM9,15:31:30,70211.4400,3
SiM9,15:31:30,66835.8900,3
SiM9,15:31:30,67512.0000,8
SiM9,15:33:15,66832.9200,1
SiM9,15:38:21,68860.2000,4
SiM9,15:38:21,70210.4000,1
SiM9,15:38:23,68860.2000,3
SiM9,15:38:25,64134.5000,3
SiM9,15:38:25,64134.5000,3
SiM9,15:38:25,67510.0000,11
SiM9,15:38:25,64809.6000,3
SiM9,15:38:25,70210.4000,10
SiM9,15:38:25,68185.1000,4
SiM9,15:38:42,64809.6000,3
SiM9,15:38:42,66834.9000,3
SiM9,15:38:42,67510.0000,12
SiM9,15:38:42,70210.4000,3
SiM9,15:38:42,70885.5000,12
SiM9,15:38:42,68860.2000,12
SiM9,15:38:49,70210.4000,3
SiM9,15:38:49,67510.0000,3
SiM9,15:38:49,64134.5000,7
SiM9,15:39:00,70883.4000,1
SiM9,15:39:11,70876.0500,1
SiM9,15:40:23,64784.6400,10
SiM9,15:40:23,70858.2000,3
SiM9,15:40:23,68158.8400,3
SiM9,15:40:23,70858.2000,3
SiM9,15:41:04,65453.6600,1
SiM9,15:41:04,64101.2500,5
SiM9,15:41:55,66802.2300,3
SiM9,15:41:55,70850.8500,3
SiM9,15:41:55,68826.5400,3
SiM9,15:41:55,64103.1500,6
SiM9,15:41:55,65451.7200,5
SiM9,15:41:55,66795.3000,8
SiM9,15:41:55,64771.2000,8
SiM9,15:41:55,64771.2000,6
SiM9,15:41:55,64096.5000,6
SiM9,15:42:39,67472.0000,2
SiM9,15:49:23,66789.3600,3
SiM9,15:49:23,68138.6400,3
SiM9,15:49:23,68810.2200,2
SiM9,15:50:04,66128.4400,3
SiM9,15:50:04,65453.6600,3
SiM9,15:50:04,70177.1200,3
SiM9,15:50:04,67480.0000,10
SiM9,15:50:04,66133.3400,1
SiM9,15:50:10,64107.9000,3
SiM9,15:50:10,67482.0000,3
SiM9,15:50:10,64782.7200,3
SiM9,15:50:10,70182.3200,1
SiM9,15:50:15,68832.6600,6
SiM9,15:50:15,68157.8300,3
SiM9,15:50:15,66809.1600,8
SiM9,15:50:15,69509.5500,3
SiM9,15:55:12,64078.4500,10
SiM9,15:55:12,66101.0000,1
SiM9,15:55:12,66773.5200,3
SiM9,15:55:12,66096.1000,3
SiM9,15:55:12,69468.3500,3
SiM9,15:55:20,68795.9400,10
SiM9,15:55:23,64749.1200,3
SiM9,15:55:23,68121.4700,3
SiM9,15:55:23,68795.9400,3
SiM9,15:55:23,69467.3200,8
SiM9,15:55:23,64743.3600,3
SiM9,15:58:55,66100.0200,5
SiM9,15:59:13,64058.5000,5
SiM9,15:59:13,70801.5000,1
SiM9,16:00:04,69452.9000,2
SiM9,16:01:05,66081.4000,1
SiM9,16:02:01,68770.4400,1
SiM9,16:03:51,69454.9600,1
SiM9,16:05:24,69446.7200,1
SiM9,16:05:24,67424.0000,1
SiM9,16:06:47,69416.8500,1
SiM9,16:06:47,64039.5000,1
SiM9,16:06:47,64039.5000,3
SiM9,16:06:47,69432.3000,3
SiM9,16:06:47,66061.8000,3
SiM9,16:06:47,68085.1100,10
SiM9,16:14:14,64729.9200,3
SiM9,16:14:46,70774.2000,5
SiM9,16:15:45,68078.0400,2
SiM9,16:15:45,66729.9600,3
SiM9,16:15:45,66055.9200,3
SiM9,16:15:45,70774.2000,3
SiM9,16:15:45,69425.0900,4
SiM9,16:15:45,68749.0200,1
SiM9,16:15:45,69443.6300,1
SiM9,16:15:45,66746.7900,16
SiM9,16:16:50,68776.5600,1
SiM9,16:33:33,70770.0000,1
SiM9,16:33:40,70763.7000,1
SiM9,16:33:42,66040.2400,2
SiM9,16:36:27,68717.4000,3
SiM9,16:36:27,68713.3200,1
SiM9,16:39:46,65317.8600,1
SiM9,16:40:28,64658.8800,8
SiM9,16:40:28,70721.7000,8
SiM9,16:40:28,66007.9000,3
SiM9,16:40:28,68029.5600,1
SiM9,16:40:33,70722.7500,3
SiM9,16:40:33,63988.2000,5
SiM9,16:40:33,70050.2400,2
SiM9,16:40:38,68706.1800,6
SiM9,16:40:38,70726.9500,3
SiM9,16:40:38,70053.3600,3
SiM9,16:40:38,68706.1800,3
SiM9,16:40:38,63991.0500,5
SiM9,16:44:00,63991.0500,5
SiM9,16:44:00,68032.5900,3
SiM9,16:44:00,67359.0000,3
SiM9,16:44:00,65338.2300,3
SiM9,16:44:00,65339.2000,1
SiM9,16:44:00,63990.1000,1
SiM9,16:44:00,70052.3200,1
SiM9,16:44:08,70735.3500,1
SiM9,16:51:50,70759.5000,2
SiM9,16:57:43,66023.5800,1
SiM9,16:57:44,64658.8800,9
SiM9,16:57:44,66679.4700,3
SiM9,16:57:44,64658.8800,3
SiM9,16:57:44,66679.4700,3
SiM9,16:57:44,68025.5200,2
SiM9,17:00:44,63983.4500,1
SiM9,17:03:05,65334.3500,1
SiM9,17:03:05,66681.4500,10
SiM9,17:03:05,65334.3500,3
SiM9,17:03:05,70049.2000,1
SiM9,17:03:48,70031.5200,1
SiM9,17:03:48,65317.8600,1
SiM9,17:05:13,70710.1500,1
SiM9,17:06:53,64616.6400,1
SiM9,17:06:54,66627.9900,1
SiM9,17:06:54,65281.9700,1
SiM9,17:07:04,67311.0000,3
SiM9,17:07:04,70003.4400,3
SiM9,17:07:04,65964.7800,3
SiM9,17:07:15,68646.0000,1
SiM9,17:07:15,70665.0000,1
SiM9,17:07:23,65281.0000,4
SiM9,17:07:23,67300.0000,3
SiM9,17:07:23,64608.0000,2
SiM9,17:07:23,64608.0000,1
SiM9,17:07:46,69998.2400,1
SiM9,17:08:04,70657.6500,3
SiM9,17:08:04,69311.7900,3
SiM9,17:08:11,70000.3200,3
SiM9,17:08:11,67308.0000,3
SiM9,17:08:11,65961.8400,3
SiM9,17:11:15,64644.4800,1
SiM9,17:11:15,65992.2200,3
SiM9,17:11:15,66665.6100,3
SiM9,17:11:15,70705.9500,3
SiM9,17:11:15,66666.6000,2
SiM9,17:11:47,70044.0000,4
SiM9,17:11:49,66676.5000,8
SiM9,17:12:02,69383.8900,1
SiM9,17:12:02,65342.1100,1
SiM9,17:12:02,70057.5200,1
SiM9,17:12:02,64671.3600,1
SiM9,17:12:34,66705.2100,1
SiM9,17:13:56,70080.4000,1
SiM9,17:14:14,66714.1200,1
SiM9,17:14:14,64692.4800,1
SiM9,17:14:14,70083.5200,1
SiM9,17:14:14,68061.8800,3
SiM9,17:14:14,70757.4000,1
SiM9,17:14:25,64684.8000,1
SiM9,17:16:55,65372.1800,1
SiM9,17:22:17,68770.4400,1
SiM9,17:22:17,67431.0000,1
SiM9,17:22:18,69455.9900,1
SiM9,17:24:45,70784.7000,2
SiM9,17:24:45,66739.8600,3
SiM9,17:31:52,67450.0000,1
SiM9,17:32:00,68129.5500,2
SiM9,17:32:00,65431.3500,3
SiM9,17:32:00,70153.2000,2
SiM9,17:32:11,70827.7500,1
SiM9,17:34:19,70817.2500,1
SiM9,17:34:57,70825.6500,1
SiM9,17:35:55,66803.2200,1
SiM9,17:36:49,67474.0000,3
SiM9,17:36:49,64775.0400,3
SiM9,17:36:49,65449.7800,3
SiM9,17:36:50,68145.7100,6
SiM9,17:36:50,67470.0000,8
SiM9,17:36:50,69494.1000,3
SiM9,17:36:50,68819.4000,3
SiM9,17:36:57,70165.6800,3
SiM9,17:36:57,65442.9900,3
SiM9,17:36:57,70840.3500,3
SiM9,17:36:57,64092.7000,1
SiM9,17:39:06,64768.3200,6
SiM9,17:39:06,64093.6500,3
SiM9,17:39:06,68816.3400,1
SiM9,17:39:42,64112.6500,1
SiM9,17:41:03,64090.8000,1
SiM9,17:41:03,65440.0800,3
SiM9,17:41:03,70162.5600,1
SiM9,17:41:25,64077.5000,1
SiM9,17:42:30,64086.0500,5
SiM9,17:43:19,64050.9000,1
SiM9,17:45:17,64024.3000,1
SiM9,17:47:23,64671.3600,1
SiM9,17:49:30,68697.0000,2
SiM9,17:49:30,65329.5000,2
SiM9,17:49:30,69370.5000,6
SiM9,17:50:20,64648.3200,2
SiM9,17:50:20,67342.0000,1
SiM9,17:50:20,63974.9000,2
SiM9,17:50:20,70035.6800,12
SiM9,17:50:20,68688.8400,12
SiM9,17:50:20,64648.3200,1
SiM9,17:50:20,66664.6200,1
SiM9,17:51:21,66692.3400,1
SiM9,17:51:45,66036.3200,9
SiM9,17:51:45,70079.3600,1
SiM9,17:51:45,69405.5200,3
SiM9,17:51:45,65362.4800,3
SiM9,17:51:45,68731.6800,2
SiM9,17:52:05,66715.1100,1
SiM9,17:55:31,70763.7000,1
SiM9,18:01:01,64030.0000,2
SiM9,18:01:20,69422.0000,2
SiM9,18:01:20,66726.0000,3
SiM9,18:01:20,69422.0000,3
SiM9,18:01:20,64030.0000,1
SiM9,18:01:20,65378.0000,3
SiM9,18:01:20,66726.0000,1
SiM9,18:01:22,68074.0000,8
SiM9,18:01:22,67400.0000,17
SiM9,18:05:58,68057.8400,3
SiM9,18:05:58,65362.4800,3
SiM9,18:05:58,70079.3600,3
SiM9,18:09:27,65356.6600,3
SiM9,18:09:27,65356.6600,3
SiM9,18:09:27,66031.4200,3
SiM9,18:09:27,66033.3800,1
SiM9,18:09:27,67388.0000,40
SiM9,18:09:27,64023.3500,4
SiM9,18:09:27,64023.3500,4
SiM9,18:09:27,65371.2100,41
SiM9,18:09:27,68740.8600,3
SiM9,18:09:27,69414.7900,1
SiM9,18:09:27,69414.7900,3
SiM9,18:09:27,65371.2100,32
SiM9,18:09:27,67393.0000,32
SiM9,18:09:27,66719.0700,12
SiM9,18:09:27,64697.2800,8
SiM9,18:09:28,66716.1000,2
SiM9,18:09:28,66715.1100,3
SiM9,18:09:28,65367.3300,3
SiM9,18:09:28,65367.3300,3
SiM9,18:09:53,70771.0500,17
SiM9,18:17:41,64005.3000,1
SiM9,18:17:41,68720.4600,3
SiM9,18:17:44,63997.7000,1
SiM9,18:24:23,70047.1200,10
SiM9,18:24:23,65332.4100,3
SiM9,18:24:23,65332.4100,3
SiM9,18:24:23,63985.3500,3
SiM9,18:24:23,66687.3900,1
SiM9,18:24:30,67352.0000,3
SiM9,18:24:30,68025.5200,3
SiM9,18:24:30,63984.4000,3
SiM9,18:24:30,70054.4000,1
SiM9,18:24:34,68025.5200,3
SiM9,18:24:34,65331.4400,3
SiM9,18:24:34,67360.0000,14
SiM9,18:24:43,68688.8400,10
SiM9,18:24:43,69361.2300,14
SiM9,18:24:43,70034.6400,14
SiM9,18:24:43,69361.2300,1
SiM9,18:24:43,69361.2300,1
SiM9,18:24:43,70704.9000,1
SiM9,18:25:45,65992.2200,1
SiM9,18:25:45,70032.5600,1
SiM9,18:25:45,65993.2000,1
SiM9,18:25:45,65993.2000,1
SiM9,18:25:45,68686.8000,1
SiM9,18:25:45,65994.1800,1
SiM9,18:25:45,65994.1800,1
SiM9,18:25:45,68687.8200,1
SiM9,18:25:45,65321.7400,1
SiM9,18:25:45,67342.0000,1
SiM9,18:25:53,66673.5300,1
SiM9,18:28:22,70721.7000,3
SiM9,18:30:25,65990.2600,1
SiM9,18:33:47,63975.8500,1
SiM9,18:33:47,68689.8600,3
SiM9,18:33:47,68016.4300,11
SiM9,18:33:47,69363.2900,2
SiM9,18:33:47,65996.1400,11
SiM9,18:33:47,70036.7200,3
SiM9,18:33:47,68016.4300,3
SiM9,18:33:47,70036.7200,10
SiM9,18:33:47,66669.5700,11
SiM9,18:33:47,66669.5700,3
SiM9,18:33:47,65996.1400,12
SiM9,18:33:47,63975.8500,12
SiM9,18:33:47,67343.0000,8
SiM9,18:37:33,63966.3500,1
SiM9,18:37:34,64633.9200,1
SiM9,18:37:40,65303.3100,11
SiM9,18:37:57,67996.2300,2
SiM9,18:37:57,64630.0800,2
SiM9,18:37:57,70015.9200,3
SiM9,18:37:57,67996.2300,12
SiM9,18:40:20,70018.0000,1
SiM9,18:41:04,69319.0000,1
SiM9,18:41:04,67300.0000,1
SiM9,18:41:04,65954.0000,3
SiM9,18:41:04,65954.0000,1
SiM9,18:41:04,65954.0000,1
SiM9,18:41:04,64608.0000,3
SiM9,18:41:04,66627.0000,1
SiM9,18:41:04,69319.0000,1
SiM9,18:44:57,66657.6900,1
SiM9,19:00:10,64629.1200,1
SiM9,19:00:11,64634.8800,2
SiM9,19:00:11,70021.1200,1
SiM9,19:01:36,67973.0000,1
SiM9,19:10:26,63952.1000,3
SiM9,19:10:26,64625.2800,3
SiM9,19:10:26,70010.7200,3
SiM9,19:10:26,70010.7200,4
SiM9,19:10:26,68665.3800,2
SiM9,19:11:02,64626.2400,1
SiM9,19:11:13,69344.7500,1
SiM9,19:11:21,70023.2000,4
SiM9,19:22:43,66666.6000,1
SiM9,19:22:44,66002.0200,1
SiM9,19:30:10,65329.5000,1
SiM9,19:30:10,68028.5500,1
SiM9,19:30:11,70049.2000,5
SiM9,19:30:42,70722.7500,5
SiM9,19:32:19,64646.4000,1
SiM9,19:35:12,65325.6200,1
SiM9,19:35:46,68677.6200,1
SiM9,19:36:27,64628.1600,1
SiM9,19:37:07,63954.9500,1
SiM9,19:37:09,65308.1600,1
SiM9,19:56:23,67329.0000,2
SiM9,19:56:23,68675.5800,4
SiM9,19:59:23,65981.4400,3
SiM9,19:59:23,70021.1200,3
SiM9,19:59:23,68001.2800,3
SiM9,19:59:23,63961.6000,1
SiM9,19:59:47,70021.1200,13
SiM9,19:59:47,64634.8800,3
SiM9,19:59:47,65308.1600,3
SiM9,19:59:47,69347.8400,5
SiM9,19:59:47,64634.8800,3
SiM9,19:59:47,70021.1200,4
SiM9,19:59:47,67328.0000,21
SiM9,19:59:47,64634.8800,3
SiM9,19:59:47,69347.8400,5
SiM9,20:00:17,70694.4000,1
SiM9,20:00:20,70021.1200,1
SiM9,20:00:23,67329.0000,1
SiM9,20:01:01,70694.4000,3
SiM9,20:01:01,65981.4400,3
SiM9,20:01:01,63961.6000,3
SiM9,20:01:02,63961.6000,1
SiM9,20:01:22,64635.8400,1
SiM9,20:01:26,68002.2900,1
SiM9,20:01:30,63962.5500,1
SiM9,20:01:43,68674.5600,2
SiM9,20:01:43,70694.4000,2
SiM9,20:01:43,66654.7200,15
SiM9,20:01:43,67328.0000,8
SiM9,20:01:43,65308.1600,3
SiM9,20:01:43,68001.2800,3
SiM9,20:01:43,68001.2800,1
SiM9,20:02:02,70027.3600,2
SiM9,20:11:36,67335.0000,1
SiM9,20:12:05,67321.0000,4
SiM9,20:12:05,65969.6800,1
SiM9,20:12:20,67341.0000,1
SiM9,20:36:52,68002.2900,3
SiM9,20:36:52,65309.1300,3
SiM9,20:36:52,65982.4200,3
SiM9,20:36:52,68002.2900,1
SiM9,20:44:42,64620.4800,1
SiM9,20:58:11,63935.0000,1
SiM9,20:58:39,66627.0000,1
SiM9,20:58:39,67300.0000,1
SiM9,20:59:21,65929.5000,1
SiM9,20:59:21,67275.0000,2
SiM9,21:01:33,67288.0000,3
SiM9,21:01:33,66615.1200,3
SiM9,21:01:33,65269.3600,3
SiM9,21:04:27,67314.0000,1
SiM9,21:05:51,64624.3200,1
SiM9,21:06:51,69339.6000,1
SiM9,21:32:33,67995.2200,1
SiM9,21:32:39,67322.0000,1
SiM9,21:33:22,65975.5600,1
SiM9,22:00:08,63961.6000,1
SiM9,22:02:25,66676.5000,3
SiM9,22:09:04,66679.4700,1
SiM9,22:11:08,68027.5400,1
SiM9,22:11:14,67354.0000,1
SiM9,22:11:28,66680.4600,1
SiM9,22:11:28,66683.4300,9
SiM9,22:11:31,70050.2400,1
SiM9,22:12:43,66005.9400,1
SiM9,22:25:46,68717.4000,1
SiM9,22:26:02,66022.6000,49
SiM9,22:28:05,69383.8900,1
SiM9,22:29:58,64002.4500,3
SiM9,22:29:58,66697.2900,1
SiM9,22:58:14,70729.0500,2
SiM9,23:00:00,64006.2500,1
SiM9,23:00:01,70074.1600,2
SiM9,23:15:27,70083.5200,3
SiM9,23:20:37,68078.0400,2
SiM9,23:20:37,70101.2000,2
SiM9,23:20:56,68752.0800,1
SiM9,23:21:08,65381.8800,1
SiM9,23:27:14,68083.0900,1
SiM9,23:48:56,64679.0400,2
SiM9,23:48:56,64005.3000,3
SiM9,23:48:56,67374.0000,3
SiM9,23:48:56,65352.7800,3
SiM9,10:00:17,64077.5000,1
SiM9,10:00:18,64730.8800,1
SiM9,10:00:29,64732.8000,1
SiM9,10:00:38,68773.5000,1
SiM9,10:00:57,69435.3900,3
SiM9,10:00:57,68761.2600,8
SiM9,10:01:01,66724.0200,1
SiM9,10:01:04,64699.2000,1
SiM9,10:01:51,66700.2600,2
SiM9,10:02:53,64653.1200,2
SiM9,10:03:21,63954.0000,1
SiM9,10:03:21,69337.5400,1
SiM9,10:03:22,69336.5100,2
SiM9,10:03:23,64624.3200,3
SiM9,10:03:30,63938.8000,2
SiM9,10:03:30,67960.8800,2
SiM9,10:03:30,65942.2400,1
SiM9,10:03:30,63926.4500,2
SiM9,10:03:34,67298.0000,3
SiM9,10:03:34,65280.0300,2
SiM9,10:03:34,65280.0300,2
SiM9,10:03:36,66616.1100,3
SiM9,10:03:38,70655.5500,2
SiM9,10:03:45,70678.6500,2
SiM9,10:04:48,63923.6000,2
SiM9,10:04:50,63923.6000,3
SiM9,10:04:50,69979.5200,1
SiM9,10:05:04,66601.2600,2
SiM9,10:05:24,67942.7000,1
SiM9,10:05:38,67957.8500,3
SiM9,10:05:38,68630.7000,2
SiM9,10:05:48,67932.6000,1
SiM9,10:05:48,65247.0500,1
SiM9,10:05:49,65907.9400,1
SiM9,10:05:49,65232.5000,1
SiM9,10:05:56,68612.3400,2
SiM9,10:06:03,67253.0000,3
SiM9,10:06:40,69309.7300,1
SiM9,10:06:40,65945.1800,1
SiM9,10:06:40,69309.7300,1
SiM9,10:06:52,69311.7900,1
SiM9,10:06:52,65947.1400,1
SiM9,10:06:52,63928.3500,1
SiM9,10:07:38,70663.9500,2
SiM9,10:10:01,65273.2400,1
SiM9,10:10:01,67280.0000,1
SiM9,10:10:02,67964.9200,1
SiM9,10:10:04,69971.2000,1
SiM9,10:10:14,66607.2000,2
SiM9,10:14:02,70649.2500,8
SiM9,10:14:02,69303.5500,8
SiM9,10:14:02,70649.2500,2
SiM9,10:14:03,69976.4000,2
SiM9,10:14:05,67285.0000,2
SiM9,10:14:05,67285.0000,2
SiM9,10:14:58,64593.6000,1
SiM9,10:15:00,68629.6800,1
SiM9,10:15:02,70635.6000,1
SiM9,10:15:03,65941.2600,1
SiM9,10:15:58,69306.6400,1
SiM9,10:16:00,69290.1600,1
SiM9,10:16:02,65253.8400,5
SiM9,10:16:40,66601.2600,1
SiM9,10:16:58,65268.3900,2
SiM9,10:17:09,70651.3500,1
SiM9,10:17:17,64595.5200,3
SiM9,10:19:40,65252.8700,2
SiM9,10:19:40,69961.8400,3
SiM9,10:20:44,69960.8000,1
SiM9,10:21:06,67270.0000,1
SiM9,10:21:23,64561.9200,2
SiM9,10:21:24,66569.5800,3
SiM9,10:21:24,67242.0000,2
SiM9,10:21:24,64552.3200,1
SiM9,10:21:31,66556.7100,1
SiM9,10:21:53,65895.2000,1
SiM9,10:23:05,65905.0000,1
SiM9,10:23:44,70617.7500,1
SiM9,10:31:00,70648.2000,1
SiM9,10:33:44,63899.8500,1
SiM9,10:36:06,69992.0000,4
SiM9,10:38:25,64608.9600,1
SiM9,10:39:29,65952.0400,3
SiM9,10:40:33,68644.9800,1
SiM9,10:41:01,69331.3600,1
SiM9,10:41:01,66638.8800,3
SiM9,10:41:01,66638.8800,3
SiM9,10:41:01,65965.7600,3
SiM9,10:41:01,70680.7500,4
SiM9,10:41:01,67319.0000,40
SiM9,10:41:01,67993.2000,2
SiM9,10:41:01,65302.3400,8
SiM9,10:41:01,70015.9200,3
SiM9,10:41:01,66649.7700,2
SiM9,10:41:01,68671.5000,81
SiM9,10:47:42,68703.1200,1
SiM9,10:53:46,66665.6100,3
SiM9,10:53:46,68685.7800,3
SiM9,10:53:46,63972.0500,3
SiM9,10:53:46,68683.7400,4
SiM9,10:56:09,67321.0000,3
SiM9,10:56:09,68667.4200,3
SiM9,10:56:09,70687.0500,3
SiM9,10:56:09,65299.4300,10
SiM9,10:56:09,65971.6400,6
SiM9,10:56:09,64625.2800,40
SiM9,10:58:40,65320.7700,4
SiM9,10:58:40,68016.4300,1
SiM9,10:58:40,65996.1400,1
SiM9,10:58:40,68689.8600,3
SiM9,10:58:40,69363.2900,1
SiM9,10:59:34,69992.0000,1
SiM9,10:59:51,69323.1200,3
SiM9,10:59:51,66630.9600,3
SiM9,10:59:51,67304.0000,3
SiM9,10:59:51,65954.9800,4
SiM9,10:59:51,64605.1200,1
SiM9,10:59:51,67297.0000,3
SiM9,11:11:55,63902.7000,1
SiM9,11:13:33,68629.6800,10
SiM9,11:18:59,69961.8400,1
SiM9,11:20:09,68624.5800,3
SiM9,11:20:09,69297.3700,3
SiM9,11:20:09,69970.1600,3
SiM9,11:21:05,66594.3300,1
SiM9,11:21:05,67939.6700,2
SiM9,11:21:16,65242.2000,3
SiM9,11:21:16,65242.2000,1
SiM9,11:21:16,69950.4000,1
SiM9,11:21:28,65914.8000,2
SiM9,11:21:28,69950.4000,3
SiM9,11:21:29,67257.0000,1
SiM9,11:21:30,67925.5300,1
SiM9,11:21:30,65907.9400,2
SiM9,11:21:30,65235.4100,2
SiM9,11:21:40,65905.0000,1
SiM9,11:21:40,67250.0000,1
SiM9,11:21:40,69940.0000,2
SiM9,11:21:40,67922.5000,1
SiM9,11:21:40,69267.5000,1
SiM9,11:21:41,66577.5000,4
SiM9,11:21:41,65905.0000,2
SiM9,11:21:41,64560.0000,1
SiM9,11:21:43,67246.0000,1
SiM9,11:24:42,69298.4000,2
SiM9,11:24:42,65261.6000,3
SiM9,11:24:42,68625.6000,3
SiM9,11:24:42,66607.2000,3
SiM9,11:24:42,66612.1500,40
SiM9,11:24:42,65939.3000,10
SiM9,11:24:42,69304.5800,5
SiM9,11:24:42,70652.4000,147
SiM9,11:24:42,65279.0600,12
SiM9,11:24:42,69989.9200,10
SiM9,11:24:42,69989.9200,4
SiM9,11:24:42,68638.8600,3
SiM9,11:24:42,66616.1100,1
SiM9,11:25:47,64608.0000,1
SiM9,11:25:57,67291.0000,3
SiM9,11:25:57,69982.6400,3
SiM9,11:25:57,63926.4500,3
SiM9,11:25:57,64598.4000,6
SiM9,11:25:57,66617.1000,6
SiM9,11:25:59,67959.8700,10
SiM9,11:25:59,65268.3900,3
SiM9,11:25:59,65268.3900,3
SiM9,11:25:59,65941.2600,3
SiM9,11:25:59,69306.6400,1
SiM9,11:25:59,63923.6000,1
SiM9,11:25:59,69979.5200,1
SiM9,11:25:59,69306.6400,2
SiM9,11:25:59,69979.5200,1
SiM9,11:25:59,69979.5200,3
SiM9,11:28:21,68628.6600,3
SiM9,11:28:21,69301.4900,3
SiM9,11:28:21,70647.1500,3
SiM9,11:28:21,69973.2800,3
SiM9,11:28:21,63917.9000,1
SiM9,11:29:42,65247.0500,3
SiM9,11:29:42,70628.2500,3
SiM9,11:29:42,69955.6000,3
SiM9,11:31:16,67973.0000,1
SiM9,11:31:18,69992.0000,1
SiM9,11:31:20,68646.0000,1
SiM9,11:31:21,68646.0000,3
SiM9,11:31:21,70665.0000,3
SiM9,11:31:21,64608.0000,1
SiM9,11:31:21,65954.0000,3
SiM9,11:40:34,64626.2400,2
SiM9,11:54:06,67962.9000,1
SiM9,11:57:00,70668.1500,1
SiM9,11:59:19,69955.6000,6
SiM9,12:09:03,70035.6800,3
SiM9,12:09:03,68688.8400,7
SiM9,12:09:05,63979.6500,5
SiM9,12:09:59,64640.6400,2
SiM9,12:09:59,63968.2500,4
SiM9,12:09:59,65320.7700,6
SiM9,12:09:59,65322.7100,6
SiM9,12:09:59,64651.2000,2
SiM9,12:10:26,63961.6000,3
SiM9,12:10:26,68674.5600,3
SiM9,12:10:26,65981.4400,3
SiM9,12:10:26,65981.4400,1
SiM9,12:10:26,70019.0400,4
SiM9,12:10:26,69340.6300,6
SiM9,12:10:26,65974.5800,4
SiM9,12:10:28,67319.0000,1
SiM9,12:10:39,65961.8400,3
SiM9,12:10:39,63942.6000,3
SiM9,12:10:39,68653.1400,6
SiM9,12:11:27,68643.9600,3
SiM9,12:11:27,68643.9600,3
SiM9,12:11:27,69316.9400,3
SiM9,12:11:27,67293.0000,4
SiM9,12:13:50,65280.0300,1
SiM9,12:15:45,63946.4000,4
SiM9,12:29:18,65945.1800,10
SiM9,12:30:49,66646.8000,1
SiM9,12:36:19,67311.0000,1
SiM9,12:47:13,66648.7800,3
SiM9,12:47:13,65302.3400,3
SiM9,12:47:13,63955.9000,3
SiM9,12:47:13,67994.2100,2
SiM9,12:48:02,64627.2000,1
SiM9,12:48:20,70018.0000,1
SiM9,13:10:40,67330.0000,1
SiM9,13:21:57,66649.7700,3
SiM9,13:21:57,67323.0000,3
SiM9,13:21:57,67323.0000,3
SiM9,13:23:31,63943.5500,3
SiM9,13:23:31,68655.1800,3
SiM9,13:23:31,68652.1200,3
SiM9,13:23:31,70671.3000,1
SiM9,13:23:31,69323.1200,4
SiM9,13:23:31,66629.9700,5
SiM9,13:23:43,70667.1000,6
SiM9,13:23:43,66628.9800,3
SiM9,13:23:43,69994.0800,3
SiM9,13:23:43,63936.9000,3
SiM9,13:32:17,69999.2800,3
SiM9,13:32:17,69999.2800,3
SiM9,13:32:17,67980.0700,3
SiM9,13:33:26,65954.0000,1
SiM9,13:34:13,65278.0900,3
SiM9,13:34:13,69988.8800,3
SiM9,13:34:13,64605.1200,3
SiM9,13:34:13,66622.0500,10
SiM9,13:34:13,63928.3500,1
SiM9,13:38:06,69320.0300,3
SiM9,13:38:06,69320.0300,3
SiM9,13:38:06,66627.9900,3
SiM9,13:45:59,63932.1500,5
SiM9,13:46:20,69989.9200,2
SiM9,13:51:47,66641.8500,2
SiM9,13:51:47,70007.6000,12
SiM9,13:51:57,70680.7500,3
SiM9,13:52:57,66654.7200,1
SiM9,13:52:57,70023.2000,3
SiM9,13:52:57,65983.4000,3
SiM9,13:52:57,68677.6200,3
SiM9,13:54:08,63960.6500,1
SiM9,13:54:12,65970.6600,3
SiM9,13:54:12,70008.6400,3
SiM9,13:54:50,67312.0000,1
SiM9,13:55:56,67310.0000,12
SiM9,13:56:02,67980.0700,3
SiM9,13:56:48,70675.5000,1
SiM9,13:58:10,63946.4000,1
SiM9,13:59:58,70007.6000,1
SiM9,14:05:00,69315.9100,1
SiM9,14:09:11,67968.9600,1
SiM9,14:09:11,67967.9500,1
SiM9,14:10:12,64595.5200,2
SiM9,14:11:35,69309.7300,4
SiM9,14:11:35,69309.7300,3
SiM9,14:11:35,69309.7300,3
SiM9,14:11:35,69982.6400,3
SiM9,14:11:35,69982.6400,1
SiM9,14:11:35,65945.1800,2
SiM9,14:11:35,66618.0900,2
SiM9,14:11:35,64599.3600,1
SiM9,14:11:35,66618.0900,3
SiM9,14:12:44,67275.0000,1
SiM9,14:12:44,64584.0000,1
SiM9,14:16:40,64601.2800,1
SiM9,14:17:23,66639.8700,10
SiM9,14:17:23,65295.5500,3
SiM9,14:17:23,65296.5200,2
SiM9,14:17:23,67989.1600,3
SiM9,14:17:23,66642.8400,3
SiM9,14:17:23,67989.1600,3
SiM9,14:17:23,70008.6400,3
SiM9,14:17:30,63958.7500,3
SiM9,14:17:30,65305.2500,3
SiM9,14:17:30,65978.5000,3
SiM9,14:17:35,66638.8800,3
SiM9,14:17:48,69331.3600,1
SiM9,14:17:49,67312.0000,2
SiM9,14:17:49,63946.4000,1
SiM9,14:18:11,67312.0000,400
SiM9,14:18:20,68658.2400,93
SiM9,14:18:43,68640.9000,10
SiM9,14:18:43,65276.1500,4
SiM9,14:18:43,63930.2500,10
SiM9,14:19:09,65949.1000,1
SiM9,14:28:44,69995.1200,3
SiM9,14:29:50,65963.8000,5
SiM9,14:30:11,63930.2500,3
SiM9,14:30:11,65949.1000,3
SiM9,14:30:11,63930.2500,3
SiM9,14:30:11,63929.3000,4
SiM9,14:30:11,66620.0700,3
SiM9,14:30:11,67962.9000,6
SiM9,14:30:11,68641.9200,2
SiM9,14:30:11,66611.1600,1
SiM9,14:30:11,69302.5200,2
SiM9,14:36:13,65294.5800,7
SiM9,14:40:13,70024.2400,1
SiM9,14:40:13,70704.9000,4
SiM9,14:40:13,64644.4800,4
SiM9,14:41:57,68002.2900,2
SiM9,14:42:40,66643.8300,3
SiM9,14:42:53,63946.4000,1
SiM9,14:52:12,67305.0000,1
SiM9,14:53:42,67975.0200,12
SiM9,14:55:36,68644.9800,3
SiM9,14:55:36,68644.9800,3
SiM9,14:55:36,68644.9800,1
SiM9,14:55:36,68644.9800,1
SiM9,14:55:36,67971.9900,1
SiM9,14:55:36,63934.0500,6
SiM9,14:56:06,69985.7600,3
SiM9,14:56:06,70658.7000,3
SiM9,14:56:40,70649.2500,1
SiM9,14:56:40,65937.3400,1
SiM9,14:56:40,63917.9000,6
SiM9,14:57:01,63920.7500,2
SiM9,14:57:01,63920.7500,3
SiM9,14:57:02,68620.5000,5
SiM9,14:57:02,65256.7500,1
SiM9,14:57:03,69291.1900,1
SiM9,15:01:35,68643.9600,1
SiM9,15:05:57,68648.0400,1
SiM9,15:12:04,63936.9000,8
SiM9,15:12:04,66628.9800,2
SiM9,15:12:04,63936.9000,2
SiM9,15:12:04,65955.9600,1
SiM9,15:13:43,67975.0200,6
SiM9,15:13:43,66628.9800,6
SiM9,15:13:43,67302.0000,1
SiM9,15:14:37,66628.9800,1
SiM9,15:14:38,64609.9200,1
SiM9,15:14:47,63935.0000,1
SiM9,15:15:31,65282.9400,1
SiM9,15:15:39,67302.0000,1
SiM9,15:19:10,64603.2000,1
SiM9,15:27:19,63936.9000,1
SiM9,15:27:26,70667.1000,3
SiM9,15:27:26,64609.9200,3
SiM9,15:33:35,69992.0000,1
SiM9,15:48:08,65281.0000,1
SiM9,15:48:14,65953.0200,1
SiM9,15:53:50,64609.9200,1
SiM9,15:53:58,67957.8500,1
SiM9,16:02:01,69992.0000,3
SiM9,16:08:57,63930.2500,11
SiM9,16:09:07,64603.2000,3
SiM9,16:09:19,65276.1500,1
SiM9,16:09:20,67967.9500,1
SiM9,16:09:30,69986.8000,1
SiM9,16:09:31,65276.1500,3
SiM9,16:09:31,70659.7500,12
SiM9,16:19:34,69342.6900,5
SiM9,16:19:34,68000.2700,2
SiM9,16:19:35,67329.0000,2
SiM9,16:37:40,64617.6000,1
SiM9,16:37:40,66636.9000,1
SiM9,16:37:40,65963.8000,8
SiM9,16:43:23,65981.4400,10
SiM9,16:44:31,68001.2800,1
SiM9,16:44:31,69347.8400,7
SiM9,16:44:31,68001.2800,2
SiM9,16:45:55,70021.1200,1
SiM9,16:45:55,70692.3000,2
SiM9,16:45:55,64632.9600,3
SiM9,16:45:55,67998.2500,1
SiM9,16:45:55,70691.2500,1
SiM9,16:45:55,66651.7500,1
SiM9,16:48:04,68006.3300,3
SiM9,16:48:04,67333.0000,3
SiM9,16:48:04,68679.6600,3
SiM9,16:48:04,67334.0000,6
SiM9,16:48:04,63968.2500,1
SiM9,16:48:04,67335.0000,4
SiM9,16:54:01,68004.3100,2
SiM9,16:54:21,65317.8600,3
SiM9,16:58:05,70704.9000,1
SiM9,17:00:00,68013.4000,2
SiM9,17:00:03,70712.2500,10
SiM9,17:00:38,69336.5100,5
SiM9,17:00:38,70681.8000,10
SiM9,17:00:38,68662.3200,6
SiM9,17:01:38,67350.0000,1
SiM9,17:01:57,65329.5000,1
SiM9,17:01:57,65329.5000,1
SiM9,17:01:57,70717.5000,8
SiM9,17:03:01,64656.0000,3
SiM9,17:03:01,69370.5000,3
SiM9,17:03:01,68023.5000,3
SiM9,17:03:01,70717.5000,1
SiM9,17:04:38,66688.3800,4
SiM9,17:04:38,66688.3800,100
SiM9,17:04:38,67362.0000,14
SiM9,17:05:53,67373.0000,4
SiM9,17:06:18,64680.0000,1
SiM9,17:08:06,66012.8000,3
SiM9,17:08:06,68033.6000,1
SiM9,17:08:06,68707.2000,8
SiM9,17:10:11,66006.9200,1
SiM9,17:10:11,66686.4000,2
SiM9,17:12:27,63987.2500,1
SiM9,17:14:11,68018.4500,6
SiM9,17:14:17,68700.0600,6
SiM9,17:14:17,67355.0000,3
SiM9,17:14:17,63987.2500,3
SiM9,17:15:21,64666.5600,1
SiM9,17:16:07,70699.6500,1
SiM9,17:16:09,64639.6800,1
SiM9,17:17:11,68003.3000,1
SiM9,17:17:13,66656.7000,1
SiM9,17:18:37,69376.6800,1
SiM9,17:18:52,69376.6800,1
SiM9,17:19:17,64661.7600,1
SiM9,17:19:45,64656.0000,2
SiM9,17:27:17,63973.0000,2
SiM9,17:28:08,69370.5000,3
SiM9,17:28:08,64656.0000,3
SiM9,17:28:08,64656.9600,3
SiM9,17:28:08,65331.4400,2
SiM9,17:28:08,65331.4400,10
SiM9,17:28:08,68029.5600,7
SiM9,17:28:08,68704.1400,81
SiM9,17:28:44,67367.0000,1
SiM9,17:30:28,69381.8300,10
SiM9,17:30:28,65339.2000,5
SiM9,17:31:31,63992.0000,10
SiM9,17:33:09,64665.6000,1
SiM9,17:34:21,70732.2000,5
SiM9,17:35:02,69373.5900,3
SiM9,17:35:02,68026.5300,2
SiM9,17:35:10,68023.5000,3
SiM9,17:35:10,66003.0000,3
SiM9,17:35:10,68023.5000,3
SiM9,17:35:14,63973.0000,1
SiM9,17:36:00,69357.1100,5
SiM9,17:36:00,69357.1100,1
SiM9,17:36:00,65990.2600,56
SiM9,17:36:01,67337.0000,210
SiM9,17:36:03,63970.1500,10
SiM9,17:36:06,63970.1500,56
SiM9,17:36:29,66667.5900,5
SiM9,17:36:48,70037.7600,5
SiM9,17:37:24,64643.5200,6
SiM9,17:37:27,69357.1100,10
SiM9,17:37:32,67337.0000,32
SiM9,17:39:09,65998.1000,2
SiM9,17:39:09,67345.0000,3
SiM9,17:39:09,68691.9000,3
SiM9,17:39:09,64651.2000,3
SiM9,17:39:09,65998.1000,3
SiM9,17:39:09,69365.3500,3
SiM9,17:39:09,67345.0000,3
SiM9,17:39:09,70038.8000,12
SiM9,17:39:09,63977.7500,3
SiM9,17:39:18,70707.0000,3
SiM9,17:41:02,66673.5300,3
SiM9,17:41:02,65326.5900,3
SiM9,17:41:02,70714.3500,32
SiM9,17:41:02,70714.3500,32
SiM9,17:41:02,68693.9400,1
SiM9,17:41:05,70714.3500,2
SiM9,17:41:05,68020.4700,3
SiM9,17:41:05,64653.1200,3
SiM9,17:41:05,70040.8800,2
SiM9,17:44:39,66649.7700,4
SiM9,17:44:39,70010.7200,3
SiM9,17:44:39,69336.5100,1
SiM9,17:44:39,63950.2000,10
SiM9,17:44:39,66641.8500,2
SiM9,17:45:07,70705.9500,2
SiM9,17:49:24,64608.9600,1
SiM9,17:49:24,69319.0000,1
SiM9,17:49:24,65954.0000,1
SiM9,17:49:36,69997.2000,8
SiM9,17:49:37,69324.1500,1
SiM9,17:49:37,69324.1500,3
SiM9,17:49:53,65287.7900,3
SiM9,17:49:53,67980.0700,3
SiM9,17:49:53,66635.9100,4
SiM9,17:49:53,66636.9000,3
SiM9,17:49:53,70002.4000,12
SiM9,17:49:54,69992.0000,12
SiM9,17:50:19,63936.9000,3
SiM9,17:50:19,69994.0800,1
SiM9,17:51:04,65949.1000,1
SiM9,17:51:04,65949.1000,1
SiM9,17:51:11,65271.3000,1
SiM9,17:51:14,69984.7200,1
SiM9,17:51:19,67293.0000,3
SiM9,17:51:40,67288.0000,3
SiM9,17:51:40,67288.0000,1
SiM9,17:52:07,68643.9600,3
SiM9,17:53:03,69983.6800,3
SiM9,17:53:03,65273.2400,3
SiM9,17:53:03,63927.4000,1
SiM9,17:53:10,65946.1600,1
SiM9,17:53:17,68625.6000,4
SiM9,17:53:17,70638.7500,10
SiM9,17:53:17,68620.5000,3
SiM9,17:53:17,64584.0000,3
SiM9,17:53:17,70638.7500,3
SiM9,17:53:17,64583.0400,4
SiM9,17:53:17,65255.7800,6
SiM9,17:53:17,67274.0000,6
SiM9,17:53:17,69288.1000,2
SiM9,17:53:17,65251.9000,7
SiM9,17:53:19,68615.4000,1
SiM9,17:53:19,66597.3000,2
SiM9,17:53:19,69960.8000,1
SiM9,17:53:20,67265.0000,2
SiM9,17:53:34,66586.4100,1
SiM9,17:54:12,63911.2500,1
SiM9,17:54:32,67953.8100,1
SiM9,17:58:01,65271.3000,2
SiM9,17:58:01,64598.4000,2
SiM9,17:58:01,69308.7000,1
SiM9,17:58:23,69979.5200,3
SiM9,17:58:27,63918.8500,1
SiM9,17:58:43,68626.6200,1
SiM9,17:59:28,70649.2500,3
SiM9,17:59:39,68628.6600,1
SiM9,17:59:47,65938.3200,1
SiM9,18:02:36,67956.8400,2
SiM9,18:02:36,64592.6400,3
SiM9,18:02:55,65267.4200,3
SiM9,18:03:12,70651.3500,3
SiM9,18:03:12,67959.8700,3
SiM9,18:03:12,69305.6100,3
SiM9,18:03:41,66617.1000,1
SiM9,18:03:42,65944.2000,2
SiM9,18:04:31,69992.0000,2
SiM9,18:06:24,64602.2400,1
SiM9,18:08:49,64598.4000,3
SiM9,18:08:49,66617.1000,6
SiM9,18:08:49,65944.2000,2
SiM9,18:08:49,64598.4000,3
SiM9,18:08:49,69981.6000,3
SiM9,18:08:49,65944.2000,4
SiM9,18:08:49,65944.2000,8
SiM9,18:08:49,69981.6000,3
SiM9,18:08:49,66617.1000,3
SiM9,18:08:49,65944.2000,3
SiM9,18:08:49,65944.2000,2
SiM9,18:08:49,67962.9000,10
SiM9,18:08:58,66618.0900,3
SiM9,18:08:58,69982.6400,3
SiM9,18:08:58,65272.2700,3
SiM9,18:09:27,66627.9900,1
SiM9,18:09:28,66627.9900,3
SiM9,18:09:28,64608.9600,12
SiM9,18:09:28,66627.9900,3
SiM9,18:09:28,66627.9900,3
SiM9,18:09:28,70666.0500,12
SiM9,18:09:28,69320.0300,12
SiM9,18:09:28,64608.9600,2
SiM9,18:09:28,67301.0000,3
SiM9,18:09:28,65281.9700,3
SiM9,18:09:28,67974.0100,3
SiM9,18:09:28,69993.0400,21
SiM9,18:09:28,66627.9900,21
SiM9,18:09:28,65281.9700,21
SiM9,18:09:28,69993.0400,1
SiM9,18:09:28,67974.0100,2
SiM9,18:09:28,65954.9800,2
SiM9,18:09:28,63935.9500,76
SiM9,18:09:28,67301.0000,3
SiM9,18:09:28,65281.9700,21
SiM9,18:09:28,67974.0100,3
SiM9,18:09:28,67974.0100,21
SiM9,18:09:28,68647.0200,21
SiM9,18:09:28,69993.0400,3
SiM9,18:09:28,68647.0200,6
SiM9,18:09:28,70666.0500,2
SiM9,18:09:28,65954.9800,21
SiM9,18:09:28,67974.0100,2
SiM9,18:09:28,64608.9600,21
SiM9,18:09:28,66627.9900,3
SiM9,18:09:28,70666.0500,3
SiM9,18:09:28,67301.0000,21
SiM9,18:09:28,64608.9600,3
SiM9,18:09:28,69320.0300,1
SiM9,18:09:28,69320.0300,3
SiM9,18:09:28,67974.0100,24
SiM9,18:09:28,70666.0500,3
SiM9,18:09:28,65954.9800,45
SiM9,18:09:28,69320.0300,25
SiM9,18:09:28,68647.0200,25
SiM9,18:09:28,67301.0000,128
SiM9,18:10:10,69304.5800,2
SiM9,18:11:35,66599.2800,1
SiM9,18:11:36,65253.8400,2
SiM9,18:11:36,65253.8400,2
SiM9,18:11:51,66594.3300,2
SiM9,18:11:51,65923.6200,16
SiM9,18:11:51,68614.3800,18
SiM9,18:11:51,69287.0700,1
SiM9,18:12:07,68607.2400,1
SiM9,18:12:08,69950.4000,2
SiM9,18:12:08,64569.6000,1
SiM9,18:12:08,69947.2800,1
SiM9,18:12:09,68600.1000,1
SiM9,18:12:14,64564.8000,2
SiM9,18:12:14,66583.4400,3
SiM9,18:12:14,70618.8000,3
SiM9,18:12:14,65238.3200,2
SiM9,18:12:29,67258.0000,2
SiM9,18:12:35,67256.0000,1
SiM9,18:12:46,63887.5000,1
SiM9,18:12:49,70623.0000,1
SiM9,18:13:15,69267.5000,1
SiM9,18:13:15,67922.5000,1
SiM9,18:13:15,65232.5000,1
SiM9,18:13:15,68595.0000,1
SiM9,18:13:15,66577.5000,2
SiM9,18:13:15,68590.9200,2
SiM9,18:13:15,69263.3800,10
SiM9,18:13:15,69935.8400,2
SiM9,18:13:21,69948.3200,2
SiM9,18:13:21,69276.7700,1
SiM9,18:13:27,65909.9000,1
SiM9,18:13:44,67927.5500,1
SiM9,18:13:52,65905.9800,2
SiM9,18:13:53,64560.9600,1
SiM9,18:13:54,68596.0200,2
SiM9,18:14:15,67243.0000,3
SiM9,18:14:15,68587.8600,3
SiM9,18:14:16,66574.5300,3
SiM9,18:14:16,65902.0600,3
SiM9,18:14:16,66574.5300,3
SiM9,18:14:16,65902.0600,3
SiM9,18:14:16,70609.3500,2
SiM9,18:14:16,67247.0000,3
SiM9,18:14:16,63884.6500,2
SiM9,18:14:17,67247.0000,2
SiM9,18:14:17,64558.0800,3
SiM9,18:14:17,65230.5600,3
SiM9,18:14:17,64558.0800,3
SiM9,18:14:17,64558.0800,3
SiM9,18:14:17,69937.9200,3
SiM9,18:14:17,64558.0800,3
SiM9,18:14:17,67248.0000,3
SiM9,18:14:17,69937.9200,7
SiM9,18:14:17,67247.0000,2
SiM9,18:14:17,64557.1200,2
SiM9,18:14:17,65902.0600,1
SiM9,18:14:17,63884.6500,2
SiM9,18:14:46,67916.4400,2
SiM9,18:15:00,69260.2900,2
SiM9,18:15:00,67915.4300,3
SiM9,18:15:00,65225.7100,1
SiM9,18:15:00,67243.0000,3
SiM9,18:15:00,67915.4300,9
SiM9,18:15:00,69932.7200,4
SiM9,18:15:01,67908.3600,1
SiM9,18:15:03,67903.3100,2
SiM9,18:15:03,67231.0000,3
SiM9,18:15:03,70591.5000,3
SiM9,18:15:03,68569.5000,1
SiM9,18:15:04,64531.2000,1
SiM9,18:15:04,68563.3800,2
SiM9,18:15:04,66546.8100,2
SiM9,18:15:04,69907.7600,3
SiM9,18:15:04,70579.9500,1
SiM9,18:15:04,67891.1900,2
SiM9,18:15:05,67888.1600,1
SiM9,18:15:05,65198.5500,2
SiM9,18:15:05,69903.6000,2
SiM9,18:15:05,67887.1500,1
SiM9,18:15:06,68555.2200,3
SiM9,18:15:06,69227.3300,2
SiM9,18:15:06,70571.5500,3
SiM9,18:15:06,63850.4500,3
SiM9,18:15:06,70570.5000,2
SiM9,18:15:07,65193.7000,1
SiM9,18:15:07,68554.2000,9
SiM9,18:15:11,63844.7500,1
SiM9,18:15:11,63841.9000,1
SiM9,18:15:11,64513.9200,1
SiM9,18:15:11,65185.9400,2
SiM9,18:15:11,69890.0800,8
SiM9,18:15:11,64512.0000,1
SiM9,18:15:11,65856.0000,1
SiM9,18:15:11,68544.0000,1
SiM9,18:15:11,65856.0000,1
SiM9,18:15:12,70549.5000,1
SiM9,18:15:12,67190.0000,1
SiM9,18:15:12,65174.3000,1
SiM9,18:15:12,67188.0000,3
SiM9,18:15:12,68522.5800,11
SiM9,18:15:13,63817.2000,2
SiM9,18:15:13,68519.5200,2
SiM9,18:15:13,68509.3200,2
SiM9,18:15:15,67160.0000,2
SiM9,18:15:15,69846.4000,1
SiM9,18:15:15,69174.8000,1
SiM9,18:15:15,68503.2000,1
SiM9,18:15:16,63795.3500,1
SiM9,18:15:42,63829.5500,1
SiM9,18:15:42,69205.7000,10
SiM9,18:15:43,70551.6000,3
SiM9,18:15:43,67863.9200,3
SiM9,18:15:44,64504.3200,22
SiM9,18:15:44,67190.0000,18
SiM9,18:15:44,67851.8000,1
SiM9,18:15:44,69873.4400,3
SiM9,18:15:44,68529.7200,3
SiM9,18:15:44,64498.5600,3
SiM9,18:15:44,70545.3000,3
SiM9,18:15:44,64498.5600,3
SiM9,18:15:44,69873.4400,3
SiM9,18:15:44,64500.4800,6
SiM9,18:15:44,63828.6000,4
SiM9,18:15:44,63828.6000,9
SiM9,18:15:45,65846.2000,2
SiM9,18:15:45,69877.6000,1
SiM9,18:15:46,68533.8000,3
SiM9,18:15:46,67861.9000,15
SiM9,18:15:46,65174.3000,7
SiM9,18:15:48,70549.5000,3
SiM9,18:15:48,67190.0000,3
SiM9,18:15:48,66518.1000,2
SiM9,18:15:56,69878.6400,2
SiM9,18:15:59,70543.2000,2
SiM9,18:15:59,69871.3600,1
SiM9,18:16:00,63822.9000,1
SiM9,18:16:08,66506.2200,1
SiM9,18:16:17,69176.8600,2
SiM9,18:16:17,69848.4800,2
SiM9,18:16:17,64475.5200,1
SiM9,18:16:21,67832.6100,1
SiM9,18:16:57,69850.5600,1
SiM9,18:17:15,69853.6800,3
SiM9,18:17:15,63808.6500,3
SiM9,18:17:15,70525.3500,3
SiM9,18:17:15,69183.0400,4
SiM9,18:17:15,70526.4000,6
SiM9,18:17:15,63809.6000,6
SiM9,18:17:19,65817.7800,1
SiM9,18:17:19,63802.9500,1
SiM9,18:17:19,65146.1700,2
SiM9,18:17:19,66483.4500,1
SiM9,18:17:19,69169.6500,2
SiM9,18:17:19,68500.1400,67
SiM9,18:17:19,63796.3000,2
SiM9,18:17:19,67157.0000,2
SiM9,18:17:19,70514.8500,4
SiM9,18:17:19,70514.8500,1
SiM9,18:17:19,64471.6800,1
SiM9,18:17:19,63800.1000,2
SiM9,18:17:19,66487.4100,3
SiM9,18:17:51,67828.5700,1
SiM9,18:17:59,65808.9600,2
SiM9,18:17:59,64464.0000,1
SiM9,18:17:59,65807.0000,5
SiM9,18:17:59,65134.5300,1
SiM9,18:17:59,67149.0000,4
SiM9,18:18:01,63786.8000,2
SiM9,18:18:34,67156.0000,1
SiM9,18:18:58,70508.5500,1
SiM9,18:19:12,68513.4000,3
SiM9,18:19:12,69856.8000,3
SiM9,18:19:12,64483.2000,3
SiM9,18:19:12,63815.3000,46
SiM9,18:19:13,69857.8400,5
SiM9,18:20:53,69846.4000,4
SiM9,18:21:05,66490.3800,3
SiM9,18:21:05,70521.1500,2
SiM9,18:21:18,65821.7000,3
SiM9,18:21:18,67836.6500,1
SiM9,18:21:18,66494.3400,1
SiM9,18:21:25,65133.5600,1
SiM9,18:23:12,68501.1600,1
SiM9,18:25:37,69195.4000,1
SiM9,18:25:44,63821.9500,1
SiM9,18:25:53,65164.6000,1
SiM9,18:25:54,65166.5400,1
SiM9,18:25:57,63825.7500,2
SiM9,18:27:05,67185.0000,1
SiM9,18:27:12,67867.9600,1
SiM9,18:27:13,68539.9200,1
SiM9,18:27:43,67867.9600,1
SiM9,18:28:45,67174.0000,1
SiM9,18:28:50,65155.8700,1
SiM9,18:29:59,67170.0000,10
SiM9,18:30:00,70528.5000,1
SiM9,18:30:00,67166.0000,1
SiM9,18:30:00,66488.4000,12
SiM9,18:30:01,67161.0000,39
SiM9,18:30:01,69175.8300,3
SiM9,18:30:01,64474.5600,3
SiM9,18:30:01,67832.6100,3
SiM9,18:30:02,66485.4300,5
SiM9,18:30:11,69164.5000,3
SiM9,18:30:11,67821.5000,1
SiM9,18:30:11,63792.5000,11
SiM9,18:30:11,68494.0200,1
SiM9,18:30:19,65136.4700,4
SiM9,18:30:19,65807.9800,1
SiM9,18:30:21,64475.5200,1
SiM9,18:30:27,63792.5000,5
SiM9,18:30:30,65140.3500,1
SiM9,18:30:54,63799.1500,1
SiM9,18:30:56,69848.4800,1
SiM9,18:30:57,64475.5200,1
SiM9,18:32:30,64466.8800,10
SiM9,18:32:30,68496.0600,3
SiM9,18:32:30,66481.4700,3
SiM9,18:32:30,69839.1200,3
SiM9,18:34:17,69176.8600,10
SiM9,18:34:17,69176.8600,3
SiM9,18:34:17,69176.8600,3
SiM9,18:34:17,65147.1400,3
SiM9,18:34:17,68506.2600,10
SiM9,18:34:20,67163.0000,3
SiM9,18:34:20,67834.6300,8
SiM9,18:35:38,66485.4300,3
SiM9,18:35:38,69171.7100,3
SiM9,18:35:38,69171.7100,3
SiM9,18:35:38,70519.0500,2
SiM9,18:37:56,67829.5800,3
SiM9,18:38:06,68501.1600,1
SiM9,18:38:34,66478.5000,2
SiM9,18:38:34,70507.5000,7
SiM9,18:40:29,70520.1000,4
SiM9,18:40:32,67831.6000,3
SiM9,18:40:32,70518.0000,1
SiM9,18:42:22,65807.9800,1
SiM9,18:42:25,65807.0000,2
SiM9,18:42:30,69164.5000,1
SiM9,18:42:30,69164.5000,1
SiM9,18:42:30,69164.5000,1
SiM9,18:42:30,65135.5000,3
SiM9,18:42:30,65807.0000,7
SiM9,18:42:30,70507.5000,3
SiM9,18:42:30,69836.0000,1
SiM9,18:42:30,70507.5000,2
SiM9,18:42:30,68493.0000,3
SiM9,18:42:30,68493.0000,5
SiM9,18:42:30,65806.0200,1
SiM9,18:42:30,63791.5500,1
SiM9,18:42:30,69834.9600,2
SiM9,18:42:36,63789.6500,1
SiM9,18:43:05,69828.7200,1
SiM9,18:43:31,63783.0000,2
SiM9,18:43:31,67140.0000,2
SiM9,18:43:31,68482.8000,1
SiM9,18:43:31,65787.4000,1
SiM9,18:44:09,67791.2000,1
SiM9,18:44:12,69812.0800,2
SiM9,18:44:12,65784.4600,3
SiM9,18:44:12,64441.9200,3
SiM9,18:44:12,67798.2700,2
SiM9,18:44:39,68468.5200,1
SiM9,18:44:50,64440.0000,1
SiM9,19:00:00,66429.0000,1
SiM9,19:00:00,66429.0000,1
SiM9,19:00:00,69771.5200,2
SiM9,19:00:00,68420.5800,8
SiM9,19:00:00,70423.5000,1
SiM9,19:00:00,67737.6700,3
SiM9,19:00:00,66408.2100,4
SiM9,19:00:00,63713.6500,2
SiM9,19:00:00,66408.2100,1
SiM9,19:00:00,68420.5800,2
SiM9,19:00:01,69091.3700,5
SiM9,19:00:01,63725.0500,1
SiM9,19:00:33,64392.9600,2
SiM9,19:00:34,68417.5200,1
SiM9,19:00:34,67746.7600,3
SiM9,19:00:59,63711.7500,3
SiM9,19:00:59,65053.0500,2
SiM9,19:01:16,65061.7800,4
SiM9,19:01:22,69075.9200,1
SiM9,19:01:29,65730.5600,3
SiM9,19:01:29,70425.6000,7
SiM9,19:01:37,63711.7500,1
SiM9,19:01:47,68397.1200,1
SiM9,19:01:48,70408.8000,1
SiM9,19:01:49,65714.8800,1
SiM9,19:01:50,70407.7500,1
SiM9,19:01:51,67055.0000,1
SiM9,19:01:55,69066.6500,1
SiM9,19:01:58,70424.5500,4
SiM9,19:02:27,67055.0000,1
SiM9,19:02:40,69076.9500,1
SiM9,19:03:56,63720.3000,1
SiM9,19:03:58,65062.7500,1
SiM9,19:03:59,69080.0400,1
SiM9,19:03:59,69758.0000,1
SiM9,19:04:09,68416.5000,1
SiM9,19:04:10,63721.2500,1
SiM9,19:04:44,65061.7800,4
SiM9,19:04:49,68409.3600,2
SiM9,19:04:49,65050.1400,1
SiM9,19:05:02,67062.0000,3
SiM9,19:05:02,63708.9000,1
SiM9,19:05:02,65037.5300,1
SiM9,19:05:36,66395.3400,1
SiM9,19:05:38,63712.7000,1
SiM9,19:05:55,67046.0000,2
SiM9,19:05:55,67046.0000,3
SiM9,19:05:55,65034.6200,11
SiM9,19:05:56,64365.1200,3
SiM9,19:05:56,63694.6500,1
SiM9,19:06:00,69058.4100,1
SiM9,19:06:14,69058.4100,1
SiM9,19:06:20,65032.6800,2
SiM9,19:06:20,68384.8800,3
SiM9,19:06:29,69057.3800,4
SiM9,19:06:38,65703.1200,1
SiM9,19:07:11,64341.1200,3
SiM9,19:07:11,65681.5600,1
SiM9,19:07:12,66351.7800,3
SiM9,19:07:12,65014.2500,2
SiM9,19:07:19,66349.8000,1
SiM9,19:07:19,67690.2000,2
SiM9,19:07:19,63669.0000,1
SiM9,19:07:20,65679.6000,1
SiM9,19:07:20,66349.8000,4
SiM9,19:07:35,65687.4400,1
SiM9,19:07:36,65679.6000,1
SiM9,19:07:36,67690.2000,4
SiM9,19:07:41,70371.0000,1
SiM9,19:07:45,68360.4000,4
SiM9,19:09:03,65699.2000,16
SiM9,19:09:10,64358.4000,5
SiM9,19:09:59,67714.4400,2
SiM9,19:10:01,66369.6000,4
SiM9,19:11:12,65700.1800,1
SiM9,19:11:12,63688.0000,1
SiM9,19:11:12,64358.4000,1
SiM9,19:11:48,66366.6300,1
SiM9,19:12:02,69713.2800,1
SiM9,19:12:04,68374.6800,1
SiM9,19:12:12,69041.9300,1
SiM9,19:12:17,67700.3000,5
SiM9,19:12:17,65689.4000,1
SiM9,19:12:18,64348.8000,1
SiM9,19:12:21,64345.9200,2
SiM9,19:12:21,65016.1900,2
SiM9,19:12:21,69708.0800,1
SiM9,19:12:29,65686.4600,1
SiM9,19:12:33,68366.5200,1
SiM9,19:12:47,65002.6100,1
SiM9,19:12:47,70360.5000,2
SiM9,19:12:52,65669.8000,2
SiM9,19:12:52,66339.9000,1
SiM9,19:13:01,70357.3500,1
SiM9,19:13:01,65662.9400,1
SiM9,19:13:19,65006.4900,1
SiM9,19:14:59,70377.3000,1
SiM9,19:15:10,65009.4000,1
SiM9,19:15:45,64329.6000,1
SiM9,19:15:46,69687.2800,1
SiM9,19:15:59,69025.4500,3
SiM9,19:16:10,69692.4800,3
SiM9,19:16:10,63661.4000,3
SiM9,19:16:10,63661.4000,3
SiM9,19:16:10,65004.5500,1
SiM9,19:16:23,66336.9300,1
SiM9,19:16:29,67672.0200,2
SiM9,19:16:39,65664.9000,3
SiM9,19:16:39,64994.8500,3
SiM9,19:16:39,64994.8500,3
SiM9,19:16:39,63656.6500,1
SiM9,19:17:22,65664.9000,1
SiM9,19:17:45,70352.1000,2
SiM9,19:17:45,64990.9700,1
SiM9,19:17:45,70351.0500,10
SiM9,19:17:45,69011.0300,1
SiM9,19:17:45,65660.0000,1
SiM9,19:17:45,68340.0000,1
SiM9,19:17:45,70350.0000,8
SiM9,19:17:45,68340.0000,1
SiM9,19:17:45,69680.0000,1
SiM9,19:17:45,64990.0000,2
SiM9,19:17:45,69683.1200,2
SiM9,19:17:45,63650.0000,3
SiM9,19:17:45,68340.0000,3
SiM9,19:17:45,69010.0000,1
SiM9,19:17:45,69680.0000,1
SiM9,19:18:13,63650.0000,4
SiM9,19:18:51,69010.0000,1
SiM9,19:18:54,65660.0000,1
SiM9,19:18:54,67670.0000,3
SiM9,19:18:58,69010.0000,1
SiM9,19:18:59,63650.0000,1
SiM9,19:19:12,67670.0000,3
SiM9,19:19:12,68340.0000,13
SiM9,19:19:12,69010.0000,3
SiM9,19:19:12,69680.0000,2
SiM9,19:19:12,67670.0000,1
SiM9,19:19:50,67021.0000,5
SiM9,19:19:51,65673.7200,4
SiM9,19:20:08,66346.8300,1
SiM9,19:20:09,69027.5100,1
SiM9,19:20:11,66346.8300,1
SiM9,19:20:13,67017.0000,1
SiM9,19:20:15,63666.1500,1
SiM9,19:20:16,63666.1500,1
SiM9,19:20:26,63671.8500,1
SiM9,19:21:48,66353.7600,2
SiM9,19:21:51,63672.8000,1
SiM9,19:22:11,68364.4800,1
SiM9,19:22:14,64343.0400,1
SiM9,19:23:09,67694.2400,1
SiM9,19:24:20,67025.0000,1
SiM9,19:26:03,69719.5200,3
SiM9,19:26:36,67708.3800,15
SiM9,19:26:51,65021.0400,1
SiM9,19:27:30,66365.6400,3
SiM9,19:27:32,65691.3600,5
SiM9,19:27:32,67702.3200,4
SiM9,19:27:35,67701.3100,3
SiM9,19:27:41,67695.2500,1
SiM9,19:28:03,70376.2500,1
SiM9,19:28:03,70376.2500,1
SiM9,19:28:03,67695.2500,1
SiM9,19:28:04,66348.8100,3
SiM9,19:28:37,70382.5500,1
SiM9,19:31:35,69696.6400,1
SiM9,19:31:35,67686.1600,1
SiM9,19:31:36,70366.8000,1
SiM9,19:31:36,67686.1600,1
SiM9,19:33:10,65697.2400,1
SiM9,19:33:35,64362.2400,2
SiM9,19:34:04,64367.0400,1
SiM9,19:35:42,69694.5600,1
SiM9,19:36:39,69688.3200,3
SiM9,19:36:40,69683.1200,3
SiM9,19:36:42,68342.0400,3
SiM9,19:36:44,69010.0000,1
SiM9,19:36:44,67000.0000,2
SiM9,19:36:44,69010.0000,1
SiM9,19:36:44,69680.0000,2
SiM9,19:36:50,66328.0200,2
SiM9,19:36:52,68340.0000,1
SiM9,19:36:53,70350.0000,1
SiM9,19:37:55,67670.0000,1
SiM9,19:37:55,70351.0500,3
SiM9,19:37:55,64320.9600,1
SiM9,19:37:56,63647.1500,1
SiM9,19:38:07,69010.0000,3
SiM9,19:38:07,67000.0000,1
SiM9,19:38:13,69010.0000,1
SiM9,19:39:05,70347.9000,1
SiM9,19:39:21,64320.0000,1
SiM9,19:40:39,68340.0000,10
SiM9,19:41:40,69006.9100,1
SiM9,19:43:27,64997.7600,1
SiM9,19:46:37,68327.7600,2
SiM9,19:47:09,69000.7300,1
SiM9,19:47:13,63640.5000,1
SiM9,19:47:52,64986.1200,1
SiM9,19:48:50,63647.1500,1
SiM9,19:51:37,68350.2000,1
SiM9,19:52:43,69690.4000,1
SiM9,19:52:48,64999.7000,1
SiM9,19:53:44,64320.9600,1
SiM9,19:53:44,63650.0000,1
SiM9,19:53:46,64310.4000,1
SiM9,19:53:57,65651.1800,1
SiM9,19:54:44,68319.6000,17
SiM9,19:54:44,63631.0000,3
SiM9,19:54:46,64296.0000,1
SiM9,19:54:46,64293.1200,3
SiM9,19:54:46,66302.2800,3
SiM9,19:54:46,70320.6000,2
SiM9,19:54:46,69650.8800,2
SiM9,19:54:46,63622.4500,3
SiM9,19:54:46,70319.5500,3
SiM9,19:54:46,64961.8700,4
SiM9,19:54:46,63622.4500,10
SiM9,19:55:02,67627.5800,1
SiM9,19:55:27,66305.2500,1
SiM9,19:56:26,66289.4100,1
SiM9,19:56:27,69647.7600,1
SiM9,19:56:27,68966.7400,1
SiM9,19:56:27,63610.1000,1
SiM9,19:56:28,69636.3200,1
SiM9,19:56:28,69636.3200,1
SiM9,19:56:29,66958.0000,1
SiM9,19:56:29,67627.5800,1
SiM9,19:56:32,68299.2000,1
SiM9,19:56:32,68968.8000,1
SiM9,19:56:33,63612.9500,1
SiM9,19:56:48,63622.4500,1
SiM9,19:56:56,69649.8400,8
SiM9,19:56:56,70319.5500,3
SiM9,19:56:56,66301.2900,3
SiM9,19:56:56,66301.2900,3
SiM9,19:56:56,65631.5800,2
SiM9,19:57:31,70331.1000,1
SiM9,19:58:04,68986.3100,3
SiM9,19:58:04,64297.9200,3
SiM9,19:58:04,68986.3100,3
SiM9,19:58:04,64966.7200,1
SiM9,19:58:04,67645.7600,3
SiM9,19:58:04,68985.2800,47
SiM9,19:58:04,63627.2000,3
SiM9,19:58:04,63627.2000,1
SiM9,19:58:04,68985.2800,4
SiM9,19:58:04,69655.0400,3
SiM9,19:58:04,65636.4800,47
SiM9,19:58:04,69655.0400,2
SiM9,19:58:04,69655.0400,20
SiM9,19:58:53,64983.2100,1
SiM9,20:00:04,65651.1800,1
SiM9,20:00:20,69675.8400,2
SiM9,20:00:43,63650.0000,1
SiM9,20:00:58,66329.0100,1
SiM9,20:02:11,68340.0000,1
SiM9,20:02:11,66330.0000,1
SiM9,20:05:41,66334.9500,4
SiM9,20:09:11,70350.0000,1
SiM9,20:11:11,64989.0300,1
SiM9,20:11:26,69680.0000,3
SiM9,20:11:26,64320.0000,3
SiM9,20:12:16,67671.0100,1
SiM9,20:12:16,65660.9800,1
SiM9,20:12:54,66330.0000,9
SiM9,20:12:54,64990.0000,3
SiM9,20:12:54,66330.0000,7
SiM9,20:13:14,70334.2500,1
SiM9,20:13:15,68326.7400,2
SiM9,20:13:21,70324.8000,1
SiM9,20:13:21,64966.7200,1
SiM9,20:14:27,64970.6000,1
SiM9,20:16:04,70332.1500,1
SiM9,20:16:48,68311.4400,2
SiM9,20:16:48,65632.5600,1
SiM9,20:17:09,67640.7100,2
SiM9,20:18:25,68989.4000,1
SiM9,20:20:08,65617.8600,1
SiM9,20:20:08,66287.4300,2
SiM9,20:20:08,67621.5200,1
SiM9,20:20:08,65612.9600,1
SiM9,20:20:08,64941.5000,1
SiM9,20:20:08,69628.0000,1
SiM9,20:20:08,68958.5000,1
SiM9,20:20:08,66951.0000,4
SiM9,20:20:08,68289.0000,9
SiM9,20:20:08,64939.5600,1
SiM9,20:20:09,65610.0200,3
SiM9,20:20:35,65601.2000,1
SiM9,20:20:56,68280.8400,3
SiM9,20:20:56,63594.9000,1
SiM9,20:21:09,63594.9000,3
SiM9,20:21:09,64933.7400,1
SiM9,20:21:22,68923.4800,3
SiM9,20:21:23,70261.8000,4
SiM9,20:21:23,69592.6400,13
SiM9,20:21:23,63560.7000,2
SiM9,20:21:23,66236.9400,3
SiM9,20:21:23,67575.0600,1
SiM9,20:21:23,65567.8800,1
SiM9,20:21:27,63556.9000,2
SiM9,20:21:27,68238.0000,1
SiM9,20:21:27,65562.0000,1
SiM9,20:21:34,66249.8100,3
SiM9,20:21:34,64242.2400,1
SiM9,20:21:58,64913.3700,1
SiM9,20:22:04,64913.3700,3
SiM9,20:22:04,66251.7900,1
SiM9,20:22:20,66257.7300,1
SiM9,20:22:20,64919.1900,1
SiM9,20:22:21,70273.3500,1
SiM9,20:22:22,63580.6500,1
SiM9,20:22:23,67596.2700,1
SiM9,20:22:24,66927.0000,1
SiM9,20:22:25,63580.6500,1
SiM9,20:22:25,66257.7300,1
SiM9,20:22:27,69604.0800,1
SiM9,20:22:28,66257.7300,1
SiM9,20:22:29,64925.0100,1
SiM9,20:22:30,67587.1800,3
SiM9,20:23:57,68256.3600,2
SiM9,20:23:57,64910.4600,2
SiM9,20:23:57,66248.8200,1
SiM9,20:24:10,66913.0000,1
SiM9,20:24:10,68920.3900,1
SiM9,20:26:38,68238.0000,3
SiM9,20:26:38,67569.0000,47
SiM9,20:27:50,64228.8000,1
SiM9,20:28:59,64212.4800,1
SiM9,20:28:59,63548.3500,3
SiM9,20:28:59,66224.0700,3
SiM9,20:28:59,67561.9300,3
SiM9,20:28:59,68232.9000,1
SiM9,20:29:01,68899.7900,3
SiM9,20:29:01,64217.2800,2
SiM9,20:29:21,64213.4400,1
SiM9,20:29:21,64881.3600,1
SiM9,20:29:41,64873.6000,1
SiM9,20:29:41,68886.4000,1
SiM9,20:29:41,64200.0000,1
SiM9,20:29:41,68212.5000,50
SiM9,20:29:55,67524.5600,1
SiM9,20:30:16,68880.2200,1
SiM9,20:30:43,68857.5600,2
SiM9,20:30:43,63510.3500,2
SiM9,20:31:14,65518.8800,3
SiM9,20:31:14,68861.6800,2
SiM9,20:31:40,68182.9200,1
SiM9,20:32:42,64868.7500,1
SiM9,20:33:26,66226.0500,3
SiM9,20:33:26,68901.8500,1
SiM9,20:34:44,67556.8800,3
SiM9,20:34:44,63543.6000,3
SiM9,20:34:44,68225.7600,2
SiM9,20:36:01,66900.0000,1
SiM9,20:36:01,67569.0000,1
SiM9,20:36:09,65562.0000,23
SiM9,20:37:07,69586.4000,1
SiM9,20:37:52,69576.0000,5
SiM9,20:42:07,66214.1700,3
SiM9,20:42:07,64876.5100,2
SiM9,20:42:24,66215.1600,1
SiM9,20:43:13,65537.5000,2
SiM9,20:43:13,65537.5000,2
SiM9,20:43:13,64200.0000,1
SiM9,20:43:26,66877.0000,3
SiM9,20:43:26,66877.0000,2
SiM9,20:45:40,70230.3000,2
SiM9,20:50:57,66231.0000,1
SiM9,20:51:04,69578.0800,3
SiM9,20:51:14,66900.0000,1
SiM9,20:51:55,64225.9200,1
SiM9,20:52:09,65563.9600,1
SiM9,20:52:42,64894.9400,1
SiM9,20:52:46,69576.0000,35
SiM9,20:52:51,70241.8500,1
SiM9,20:53:38,69577.0400,1
SiM9,20:53:44,67565.9700,2
SiM9,20:53:44,64893.0000,2
SiM9,20:55:01,68238.0000,1
SiM9,20:55:01,67570.0100,1
SiM9,20:55:44,69577.0400,1
SiM9,20:56:09,65562.9800,2
SiM9,20:58:47,69576.0000,1
SiM9,20:58:49,63555.9500,1
SiM9,20:58:50,68909.0600,3
SiM9,20:59:12,65563.9600,1
SiM9,21:02:55,64223.0400,2
SiM9,21:03:13,63545.5000,1
SiM9,21:03:57,64886.2100,1
SiM9,21:07:25,70255.5000,1
SiM9,21:07:55,66925.0000,1
SiM9,21:08:29,63593.9500,1
SiM9,21:08:36,67610.4100,1
SiM9,21:08:43,68949.2300,1
SiM9,21:09:32,70280.7000,2
SiM9,21:09:32,64245.1200,1
SiM9,21:09:32,70268.1000,3
SiM9,21:09:32,69598.8800,3
SiM9,21:09:32,68260.4400,3
SiM9,21:09:32,68929.6600,10
SiM9,21:10:01,68268.6000,2
SiM9,21:10:26,66263.6700,3
SiM9,21:11:51,63593.0000,2
SiM9,21:12:16,66262.6800,1
SiM9,21:13:53,70264.9500,1
SiM9,21:13:56,67588.1900,1
SiM9,21:13:58,64905.6100,1
SiM9,21:14:42,68938.9300,5
SiM9,21:18:09,65583.5600,1
SiM9,21:28:51,66934.0000,2
SiM9,21:28:59,68270.6400,1
SiM9,21:36:38,69617.6000,1
SiM9,21:39:04,66256.7400,2
SiM9,21:40:08,66255.7500,2
SiM9,21:40:15,68932.7500,1
SiM9,21:41:00,70271.2500,7
SiM9,21:45:10,67569.0000,1
SiM9,21:45:10,63555.0000,1
SiM9,21:45:13,63551.2000,2
SiM9,21:48:06,68902.8800,1
SiM9,21:50:24,70245.0000,5
SiM9,21:50:25,66231.0000,5
SiM9,21:58:13,63574.9500,8
SiM9,22:00:02,67569.0000,1
SiM9,22:01:18,68249.2200,3
SiM9,22:01:18,69587.4400,3
SiM9,22:01:18,70256.5500,3
SiM9,22:01:18,66911.0000,2
SiM9,22:04:51,68907.0000,5
SiM9,22:04:51,63555.0000,6
SiM9,22:04:51,68238.0000,3
SiM9,22:04:51,63555.0000,3
SiM9,22:04:51,69576.0000,2
SiM9,22:11:35,70238.7000,1
SiM9,22:18:24,69559.3600,1
SiM9,22:22:08,68893.6100,1
SiM9,22:23:11,69554.1600,1
SiM9,22:24:03,69540.6400,1
SiM9,22:28:23,68885.3700,3
SiM9,22:28:23,68885.3700,2
SiM9,22:28:23,66879.0000,1
SiM9,22:28:23,70222.9500,3
SiM9,22:28:23,70222.9500,1
SiM9,22:28:23,66210.2100,2
SiM9,22:28:23,64203.8400,3
SiM9,22:30:00,68878.1600,3
SiM9,22:30:00,70215.6000,3
SiM9,22:30:00,66872.0000,3
SiM9,22:31:16,64209.6000,1
SiM9,22:34:16,67549.8100,1
SiM9,22:34:16,68887.4300,4
SiM9,22:34:16,64874.5700,3
SiM9,22:34:16,63536.9500,2
SiM9,22:35:17,64206.7200,1
SiM9,22:36:33,66895.0000,1
SiM9,22:40:51,68903.9100,1
SiM9,22:41:09,68903.9100,1
SiM9,22:41:26,65560.0400,3
SiM9,22:48:30,66879.0000,5
SiM9,22:50:00,64200.0000,3
SiM9,22:50:00,66206.2500,3
SiM9,22:50:00,64200.0000,3
SiM9,22:51:16,64868.7500,10
SiM9,22:51:16,63531.2500,3
SiM9,22:51:16,67543.7500,3
SiM9,22:51:16,63531.2500,3
SiM9,22:51:16,70218.7500,3
SiM9,22:51:16,65537.5000,3
SiM9,22:51:16,68881.2500,3
SiM9,22:51:16,68881.2500,3
SiM9,22:51:16,64868.7500,3
SiM9,22:51:16,68881.2500,3
SiM9,22:51:16,67543.7500,3
SiM9,22:51:16,64868.7500,3
SiM9,22:51:16,63531.2500,3
SiM9,22:51:16,70218.7500,3
SiM9,22:51:16,68212.5000,3
SiM9,22:51:16,65537.5000,3
SiM9,22:51:16,63531.2500,3
SiM9,22:51:16,69550.0000,3
SiM9,22:51:16,68881.2500,3
SiM9,22:51:16,68212.5000,3
SiM9,22:51:16,63531.2500,3
SiM9,22:51:16,64200.0000,3
SiM9,22:51:16,64868.7500,3
SiM9,22:51:16,67543.7500,3
SiM9,22:52:29,66206.2500,1
SiM9,22:52:47,66890.0000,1
SiM9,22:53:26,66890.0000,9
SiM9,22:53:26,67559.9100,1
SiM9,22:53:26,64201.9200,1
SiM9,23:03:14,68208.4200,3
SiM9,23:03:14,69545.8400,3
SiM9,23:03:14,68877.1300,3
SiM9,23:03:14,68877.1300,10
SiM9,23:15:01,64860.0200,1
SiM9,23:17:27,68876.1000,4
SiM9,23:17:27,66870.0000,3
SiM9,23:17:28,63526.5000,1
SiM9,23:17:36,63526.5000,1
SiM9,23:18:23,68876.1000,1
SiM9,23:18:41,66869.0000,1
SiM9,23:19:02,65532.6000,1
SiM9,23:19:13,67536.6800,3
SiM9,23:19:13,67536.6800,3
SiM9,23:19:19,69539.6000,3
SiM9,23:19:19,69539.6000,2
SiM9,23:19:52,66193.3800,3
SiM9,23:19:52,63518.9000,2
SiM9,23:20:00,65524.7600,10
SiM9,23:20:00,68199.2400,2
SiM9,23:20:00,64187.5200,6
SiM9,23:27:18,68227.8000,3
SiM9,23:27:18,65552.2000,1
SiM9,23:27:18,65552.2000,2
SiM9,23:27:18,68227.8000,3
SiM9,23:27:38,64873.6000,3
SiM9,23:27:38,65542.4000,3
SiM9,23:27:38,67548.8000,3
SiM9,23:28:23,65549.2600,3
SiM9,23:28:23,67555.8700,2
SiM9,23:28:47,68209.4400,3
SiM9,23:28:47,63528.4000,3
SiM9,23:28:47,66872.0000,3
SiM9,23:28:47,70213.5000,1
SiM9,23:33:01,66223.0800,1
SiM9,23:33:05,69553.1200,2
SiM9,23:36:19,68227.8000,1
SiM9,23:39:03,64883.3000,1
SiM9,23:48:12,63536.0000,1
SiM9,23:48:12,68227.8000,3
SiM9,23:48:12,63548.3500,1
SiM9,10:00:00,67619.5000,1
SiM9,10:00:00,68327.7600,1
SiM9,10:00:01,69007.9400,1
SiM9,10:00:01,68337.9600,3
SiM9,10:00:01,64990.0000,1
SiM9,10:00:01,65684.5000,1
SiM9,10:00:01,68376.7200,4
SiM9,10:00:03,63602.5000,3
SiM9,10:00:03,68289.0000,3
SiM9,10:00:03,68283.9000,3
SiM9,10:00:03,70292.2500,2
SiM9,10:01:37,68299.2000,1
SiM9,10:02:18,68307.3600,3
SiM9,10:02:18,63588.2500,2
SiM9,10:02:25,68992.4900,5
SiM9,10:03:01,68304.3000,5
SiM9,10:03:01,66295.3500,3
SiM9,10:03:01,65625.7000,3
SiM9,10:03:01,66965.0000,3
SiM9,10:03:01,70271.2500,6
SiM9,10:03:40,66980.0000,2
SiM9,10:03:40,66980.0000,3
SiM9,10:03:50,69666.4800,1
SiM9,10:03:50,64307.5200,6
SiM9,10:03:50,66987.0000,3
SiM9,10:04:03,68324.7000,1
SiM9,10:04:05,68993.5200,3
SiM9,10:04:05,66984.0000,1
SiM9,10:04:23,70297.5000,5
SiM9,10:04:23,64272.0000,3
SiM9,10:04:23,69628.0000,3
SiM9,10:04:23,67619.5000,3
SiM9,10:04:26,66280.5000,2
SiM9,10:04:26,68289.0000,1
SiM9,10:04:26,66950.0000,3
SiM9,10:04:26,67619.5000,5
SiM9,10:04:56,67633.6400,3
SiM9,10:04:56,64285.4400,2
SiM9,10:05:24,66280.5000,1
SiM9,10:06:22,63614.8500,1
SiM9,10:06:37,70327.9500,1
SiM9,10:06:50,64957.0200,3
SiM9,10:10:01,69665.4400,1
SiM9,10:10:02,64303.6800,1
SiM9,10:10:35,63622.4500,1
SiM9,10:10:35,70319.5500,1
SiM9,10:12:00,66995.0000,1
SiM9,10:12:20,66998.0000,5
SiM9,10:12:21,65658.0400,5
SiM9,10:12:21,64319.0400,2
SiM9,10:12:21,65659.0200,3
SiM9,10:12:21,64990.0000,3
SiM9,10:12:21,65660.0000,2
SiM9,10:12:44,68350.2000,1
SiM9,10:13:16,67680.1000,2
SiM9,10:14:31,66340.8900,1
SiM9,10:15:19,63666.1500,1
SiM9,10:15:29,69690.4000,2
SiM9,10:15:41,69701.8400,1
SiM9,10:16:30,65678.6200,1
SiM9,10:18:44,66330.9900,3
SiM9,10:18:44,66330.9900,3
SiM9,10:18:44,69011.0300,3
SiM9,10:18:44,70347.9000,2
SiM9,10:18:44,68336.9400,5
SiM9,10:18:44,66327.0300,2
SiM9,10:18:44,63647.1500,10
SiM9,10:18:44,67664.9500,3
SiM9,10:18:44,70343.7000,4
SiM9,10:18:44,69673.7600,3
SiM9,10:18:44,66994.0000,2
SiM9,10:18:44,66323.0700,4
SiM9,10:18:47,64975.4500,1
SiM9,10:19:45,63634.8000,2
SiM9,10:22:16,65645.3000,1
SiM9,10:22:59,66983.0000,1
SiM9,10:23:16,69669.6000,1
SiM9,10:24:04,66995.0000,1
SiM9,10:24:09,68341.0200,1
SiM9,10:24:59,67662.9300,3
SiM9,10:26:31,68326.7400,3
SiM9,10:26:31,64977.3900,3
SiM9,10:26:31,68996.6100,3
SiM9,10:26:31,66986.0000,3
SiM9,10:26:31,68325.7200,1
SiM9,10:26:31,66987.0000,2
SiM9,10:26:31,64307.5200,3
SiM9,10:26:32,64963.8100,1
SiM9,10:28:59,68310.4200,1
SiM9,10:30:55,68314.5000,3
SiM9,10:30:55,70323.7500,1
SiM9,10:30:55,68314.5000,2
SiM9,10:30:55,67644.7500,2
SiM9,10:30:55,64286.4000,4
SiM9,10:30:56,64295.0400,1
SiM9,10:31:04,68973.9500,1
SiM9,10:32:20,64288.3200,4
SiM9,10:34:53,63575.9000,10
SiM9,10:34:53,67591.2200,3
SiM9,10:34:53,64914.3400,3
SiM9,10:34:53,69598.8800,3
SiM9,10:34:53,65582.5800,4
SiM9,10:35:30,63564.5000,1
SiM9,10:35:59,64909.4900,3
SiM9,10:35:59,64240.3200,3
SiM9,10:35:59,65578.6600,3
SiM9,10:35:59,68249.2200,1
SiM9,10:37:59,63578.7500,1
SiM9,10:38:07,68937.9000,1
SiM9,10:39:09,65596.3000,5
SiM9,10:39:23,64922.1000,10
SiM9,10:39:29,63580.6500,3
SiM9,10:39:29,69604.0800,3
SiM9,10:39:29,70273.3500,3
SiM9,10:39:29,64240.3200,3
SiM9,10:39:33,68933.7800,10
SiM9,10:40:01,63566.4000,2
SiM9,10:40:08,69588.4800,2
SiM9,10:44:20,65573.7600,1
SiM9,10:44:21,69589.5200,1
SiM9,10:44:21,63567.3500,24
SiM9,10:44:21,64905.6100,24
SiM9,10:44:21,69590.5600,2
SiM9,10:44:21,66244.8600,2
SiM9,10:44:21,68252.2800,8
SiM9,10:44:21,64237.4400,8
SiM9,10:44:21,68252.2800,6
SiM9,10:44:21,69590.5600,6
SiM9,10:44:21,68921.4200,1
SiM9,10:44:29,63572.1000,3
SiM9,10:44:29,66248.8200,3
SiM9,10:46:04,65577.6800,1
SiM9,10:46:13,64248.0000,1
SiM9,10:47:16,63592.0500,10
SiM9,10:48:09,68956.4400,1
SiM9,10:50:38,63593.9500,1
SiM9,10:55:24,70257.6000,1
SiM9,10:55:24,64235.5200,2
SiM9,10:55:28,66910.0000,1
SiM9,10:55:43,66911.0000,1
SiM9,10:57:18,65563.9600,3
SiM9,10:57:31,68238.0000,1
SiM9,11:00:00,65562.0000,1
SiM9,11:00:00,63555.0000,3
SiM9,11:00:00,66900.0000,3
SiM9,11:00:00,66231.0000,3
SiM9,11:00:01,66892.0000,2
SiM9,11:00:07,70232.4000,1
SiM9,11:03:23,64228.8000,1
SiM9,11:05:06,65566.9000,3
SiM9,11:06:06,64208.6400,10
SiM9,11:06:34,64198.0800,2
SiM9,11:06:40,69556.2400,308
SiM9,11:06:40,66212.1900,4
SiM9,11:06:40,66881.0000,3
SiM9,11:06:40,68218.6200,3
SiM9,11:06:40,70225.0500,3
SiM9,11:06:58,68243.1000,4
SiM9,11:06:58,68913.1800,1
SiM9,11:09:30,67586.1700,6
SiM9,11:09:30,66917.0000,3
SiM9,11:09:30,69593.6800,3
SiM9,11:09:30,66247.8300,3
SiM9,11:09:30,63571.1500,3
SiM9,11:09:30,64909.4900,10
SiM9,11:09:30,66247.8300,3
SiM9,11:09:30,63571.1500,19
SiM9,11:09:59,64225.9200,10
SiM9,11:11:09,70245.0000,1
SiM9,11:11:35,64896.8800,50
SiM9,11:13:19,64906.5800,50
SiM9,11:13:26,70259.7000,3
SiM9,11:13:26,64237.4400,1
SiM9,11:13:26,66244.8600,6
SiM9,11:15:08,63564.5000,3
SiM9,11:15:54,70255.5000,4
SiM9,11:16:31,70255.5000,5
SiM9,11:16:31,69584.3200,50
SiM9,11:16:31,68245.1400,1
SiM9,11:22:57,63574.9500,3
SiM9,11:23:09,66922.0000,10
SiM9,11:23:09,70268.1000,3
SiM9,11:23:09,64245.1200,3
SiM9,11:23:09,64914.3400,3
SiM9,11:23:09,64912.4000,4
SiM9,11:23:26,67586.1700,3
SiM9,11:23:26,63570.2000,3
SiM9,11:23:26,68254.3200,3
SiM9,11:23:26,70261.8000,3
SiM9,11:23:40,69589.5200,3
SiM9,11:23:40,63567.3500,3
SiM9,11:23:40,64905.6100,3
SiM9,11:24:32,64233.6000,3
SiM9,11:26:00,68930.6900,3
SiM9,11:26:50,68924.5100,3
SiM9,11:26:50,66917.0000,3
SiM9,11:27:50,67593.2400,3
SiM9,11:27:50,67593.2400,3
SiM9,11:27:50,66251.7900,1
SiM9,11:27:50,66251.7900,1
SiM9,11:27:50,67590.2100,1
SiM9,11:28:17,70275.4500,1
SiM9,11:28:41,63572.1000,1
SiM9,11:30:48,69599.9200,2
SiM9,11:30:59,68936.8700,1
SiM9,11:31:03,67598.2900,1
SiM9,11:33:38,65591.4000,2
SiM9,11:35:59,66920.0000,1
SiM9,11:36:12,68258.4000,1
SiM9,11:39:26,68930.6900,6
SiM9,11:39:26,67592.2300,2
SiM9,11:39:26,66253.7700,3
SiM9,11:39:26,64915.3100,3
SiM9,11:39:26,67592.2300,3
SiM9,11:39:39,63580.6500,3
SiM9,11:39:39,68265.5400,3
SiM9,11:39:39,67596.2700,3
SiM9,11:41:36,64231.6800,4
SiM9,11:41:37,68238.0000,1
SiM9,11:41:37,65562.0000,1
SiM9,11:43:19,70245.0000,1
SiM9,11:43:19,68898.7600,3
SiM9,11:43:19,64885.2400,3
SiM9,11:43:19,69567.6800,3
SiM9,11:44:34,64200.9600,1
SiM9,11:45:01,67543.7500,1
SiM9,11:45:01,69550.0000,3
SiM9,11:45:28,65548.2800,1
SiM9,11:47:33,68227.8000,10
SiM9,11:47:33,67558.9000,5
SiM9,11:49:52,66232.9800,2
SiM9,11:50:25,70239.7500,1
SiM9,11:50:30,68896.7000,1
SiM9,11:50:36,66895.0000,1
SiM9,11:56:25,68255.3400,1
SiM9,11:56:44,64247.0400,5
SiM9,11:56:45,66255.7500,1
SiM9,11:58:25,69604.0800,2
SiM9,12:04:35,68239.0200,3
SiM9,12:05:17,67585.1600,3
SiM9,12:05:17,66247.8300,2
SiM9,12:06:11,70258.6500,3
SiM9,12:06:11,68251.2600,2
SiM9,12:09:13,64905.6100,1
SiM9,12:09:14,68251.2600,1
SiM9,12:09:15,64236.4800,1
SiM9,12:09:15,69589.5200,1
SiM9,12:09:16,65574.7400,1
SiM9,12:09:16,64904.6400,1
SiM9,12:09:17,66912.0000,1
SiM9,12:10:05,67558.9000,3
SiM9,12:10:16,64883.3000,3
SiM9,12:10:16,68227.8000,1
SiM9,12:10:16,66221.1000,8
SiM9,12:10:16,66221.1000,3
SiM9,12:10:16,69565.6000,1
SiM9,12:10:16,65552.2000,5
SiM9,12:10:16,66890.0000,2
SiM9,12:10:16,66890.0000,14
SiM9,12:10:16,65552.2000,24
SiM9,12:10:16,63545.5000,12
SiM9,12:10:21,68221.6800,1
SiM9,12:10:21,64876.5100,1
SiM9,12:21:19,67540.7200,4
SiM9,12:21:19,68878.1600,1
SiM9,12:21:19,68878.1600,1
SiM9,12:21:20,70214.5500,9
SiM9,12:21:20,68877.1300,1
SiM9,12:22:32,66875.0000,1
SiM9,12:25:06,70204.0500,1
SiM9,12:25:10,68870.9500,7
SiM9,12:26:14,66187.4400,1
SiM9,12:26:17,70194.6000,2
SiM9,12:26:17,70193.5500,3
SiM9,12:26:17,64844.5000,3
SiM9,12:26:17,63507.5000,1
SiM9,12:26:17,69524.0000,3
SiM9,12:26:24,66181.5000,7
SiM9,12:26:24,68855.5000,1
SiM9,12:26:40,67514.4600,3
SiM9,12:26:52,64835.7700,3
SiM9,12:27:25,66184.4700,1
SiM9,12:27:27,70195.6500,1
SiM9,12:27:36,67518.5000,1
SiM9,12:30:14,69535.4400,5
SiM9,12:32:25,63527.4500,3
SiM9,12:32:25,66202.2900,2
SiM9,12:32:53,63507.5000,4
SiM9,12:32:53,64841.5900,3
SiM9,12:32:53,65510.0600,3
SiM9,12:34:59,63513.2000,6
SiM9,12:34:59,67524.5600,3
SiM9,12:34:59,64850.3200,3
SiM9,12:34:59,70198.8000,3
SiM9,12:38:36,64844.5000,1
SiM9,12:38:47,66178.5300,2
SiM9,12:38:48,64832.8600,1
SiM9,12:39:44,70190.4000,1
SiM9,12:39:58,70179.9000,1
SiM9,12:39:58,66838.0000,1
SiM9,12:40:39,65513.0000,2
SiM9,12:41:05,66175.5600,3
SiM9,12:41:05,64170.2400,3
SiM9,12:41:05,66844.0000,3
SiM9,12:42:24,65504.1800,1
SiM9,12:43:11,66170.6100,1
SiM9,12:43:11,64165.4400,1
SiM9,12:43:37,64158.7200,1
SiM9,12:44:43,66832.0000,1
SiM9,12:44:43,68166.6000,4
SiM9,12:44:43,66830.0000,1
SiM9,12:44:43,66155.7600,20
SiM9,12:44:43,64150.0800,4
SiM9,12:44:46,64818.3100,10
SiM9,12:44:46,69495.9200,3
SiM9,12:44:46,66823.0000,3
SiM9,12:44:46,68159.4600,3
SiM9,12:44:46,68826.6600,5
SiM9,12:44:46,64809.5800,3
SiM9,12:44:46,69485.5200,3
SiM9,12:45:56,65514.9600,4
SiM9,12:50:18,66849.0000,10
SiM9,12:51:03,69513.6000,3
SiM9,12:52:39,67504.3600,2
SiM9,12:59:45,68219.6400,5
SiM9,13:01:07,68210.4600,2
SiM9,13:01:52,64204.8000,20
SiM9,13:05:37,65551.2200,4
SiM9,13:07:08,68901.8500,1
SiM9,13:10:19,64875.5400,2
SiM9,13:10:19,64204.8000,1
SiM9,13:11:11,66202.2900,2
SiM9,13:11:54,66209.2200,3
SiM9,13:11:55,70206.1500,1
SiM9,13:11:55,65525.7400,1
SiM9,13:12:06,66862.0000,2
SiM9,13:12:06,65517.9000,1
SiM9,13:12:06,70197.7500,1
SiM9,13:15:16,67543.7500,1
SiM9,13:19:22,63518.9000,5
SiM9,13:22:43,68877.1300,3
SiM9,13:22:47,66199.3200,3
SiM9,13:22:47,68205.3600,3
SiM9,13:22:47,70211.4000,3
SiM9,13:23:57,69555.2000,3
SiM9,13:28:48,68882.2800,3
SiM9,13:32:10,65531.6200,3
SiM9,13:32:10,64194.2400,2
SiM9,13:35:02,70194.6000,2
SiM9,13:43:09,66172.5900,3
SiM9,13:43:10,63494.2000,1
SiM9,13:43:36,66835.0000,12
SiM9,13:43:43,68171.7000,5
SiM9,13:44:17,65495.3600,3
SiM9,13:44:17,64153.9200,9
SiM9,13:44:18,68831.8100,1
SiM9,13:44:18,68836.9600,2
SiM9,13:44:23,64816.3700,3
SiM9,13:44:23,68824.6000,2
SiM9,13:44:23,65483.6000,4
SiM9,13:44:23,64815.4000,3
SiM9,13:44:26,69486.5600,1
SiM9,13:44:26,64809.5800,4
SiM9,13:44:26,68149.2600,3
SiM9,13:44:39,66813.0000,7
SiM9,13:44:39,69482.4000,2
SiM9,13:44:39,66810.0000,12
SiM9,13:44:40,67478.1000,1
SiM9,13:44:56,65468.9000,1
SiM9,13:44:56,63462.8500,4
SiM9,13:44:56,69474.0800,2
SiM9,13:44:56,66802.0000,4
SiM9,13:44:56,67469.0100,1
SiM9,13:44:56,69473.0400,20
SiM9,13:44:56,68136.0000,1
SiM9,13:44:56,65464.0000,1
SiM9,13:44:56,65464.0000,1
SiM9,13:44:56,66132.0000,1
SiM9,13:44:56,66800.0000,2
SiM9,13:44:56,68136.0000,1
SiM9,13:44:56,64128.0000,1
SiM9,13:44:56,64128.0000,1
SiM9,13:44:56,66800.0000,1
SiM9,13:44:56,66132.0000,8
SiM9,13:44:56,70150.5000,1
SiM9,13:44:58,68146.2000,1
SiM9,13:44:58,64445.7600,1
SiM9,13:44:58,68814.3000,1
SiM9,13:44:58,68473.6200,1
SiM9,13:44:59,68146.2000,6
SiM9,13:44:59,67802.3100,6
SiM9,13:44:59,65473.8000,7
SiM9,13:44:59,63774.4500,7
SiM9,13:45:00,63469.5000,6
SiM9,13:45:00,66459.6900,6
SiM9,13:45:00,70150.5000,3
SiM9,13:45:00,68473.6200,3
SiM9,13:45:00,66141.9000,1
SiM9,13:45:00,64445.7600,1
SiM9,13:45:00,66141.9000,1
SiM9,13:45:00,66459.6900,1
SiM9,13:45:00,69482.4000,1
SiM9,13:45:15,66132.0000,42
SiM9,13:45:15,70140.0000,1
SiM9,13:45:15,63460.0000,2
SiM9,13:45:15,66800.0000,5
SiM9,13:45:35,66807.0000,10
SiM9,13:45:35,65470.8600,3
SiM9,13:45:35,70147.3500,3
SiM9,13:45:35,64134.7200,3
SiM9,13:45:35,70140.0000,10
SiM9,13:45:35,70140.0000,3
SiM9,13:45:35,68804.0000,3
SiM9,13:45:35,68136.0000,15
SiM9,13:51:40,70175.7000,5
SiM9,13:51:40,69816.2400,5
SiM9,13:51:40,66834.0000,2
SiM9,13:51:40,63774.4500,2
SiM9,13:52:09,69515.6800,3
SiM9,13:52:09,69515.6800,2
SiM9,13:54:17,67499.3100,3
SiM9,13:54:17,66830.0000,3
SiM9,13:54:17,66161.7000,3
SiM9,13:54:17,67496.2800,10
SiM9,13:54:17,67492.2400,2
SiM9,13:54:25,68824.6000,3
SiM9,13:54:25,68156.4000,3
SiM9,13:54:25,68156.4000,3
SiM9,13:55:21,64143.3600,1
SiM9,13:55:23,64143.3600,1
SiM9,13:55:25,64143.3600,1
SiM9,13:55:27,63475.2000,1
SiM9,13:59:19,68155.3800,5
SiM9,13:59:28,64150.0800,1
SiM9,13:59:39,66153.7800,1
SiM9,13:59:40,70164.1500,5
SiM9,14:05:39,66842.0000,1
SiM9,14:05:55,64147.2000,3
SiM9,14:05:55,68156.4000,3
SiM9,14:05:55,68155.3800,3
SiM9,14:05:55,67486.1800,2
SiM9,14:07:58,67471.0300,1
SiM9,14:07:58,66148.8300,1
SiM9,14:12:27,64151.0400,3
SiM9,14:12:27,63482.8000,3
SiM9,14:12:27,70164.1500,3
SiM9,14:12:27,66822.0000,10
SiM9,14:12:27,63479.0000,1
SiM9,14:16:12,64818.3100,10
SiM9,14:18:09,68819.4500,1
SiM9,14:18:11,68136.0000,1
SiM9,14:18:11,67468.0000,11
SiM9,14:20:17,66807.0000,4
SiM9,14:20:58,68804.0000,3
SiM9,14:20:59,67468.0000,3
SiM9,14:20:59,68804.0000,2
SiM9,14:20:59,64796.0000,2
SiM9,14:20:59,66132.0000,3
SiM9,14:20:59,64796.0000,3
SiM9,14:20:59,69472.0000,3
SiM9,14:21:02,66800.0000,1
SiM9,14:21:11,66801.0000,1
SiM9,14:22:11,63460.9500,2
SiM9,14:23:54,63460.9500,5
SiM9,14:23:55,70140.0000,1
SiM9,14:26:49,66141.9000,3
SiM9,14:26:49,67478.1000,3
SiM9,14:26:49,69482.4000,3
SiM9,14:26:49,70150.5000,1
SiM9,14:30:41,63462.8500,3
SiM9,14:30:41,68807.0900,3
SiM9,14:30:41,70143.1500,3
SiM9,14:30:41,65467.9200,1
SiM9,14:31:20,66805.0000,1
SiM9,14:31:34,66805.0000,3
SiM9,14:31:34,69477.2000,3
SiM9,14:31:34,64132.8000,3
SiM9,14:31:34,66805.0000,1
SiM9,14:32:27,66138.9300,10
SiM9,14:32:27,69472.0000,1
SiM9,14:32:27,64126.0800,10
SiM9,14:32:32,66801.0000,4
SiM9,14:32:32,68801.9400,3
SiM9,14:32:32,68133.9600,3
SiM9,14:32:32,65462.0400,3
SiM9,14:32:32,68807.0900,10
SiM9,14:33:49,63483.7500,3
SiM9,14:34:26,65483.6000,3
SiM9,14:34:26,68824.6000,3
SiM9,14:34:26,68824.6000,1
SiM9,14:34:26,67488.2000,3
SiM9,14:35:40,67493.2500,1
SiM9,14:35:40,64157.7600,9
SiM9,14:36:47,66817.0000,3
SiM9,14:36:47,68821.5100,1
SiM9,14:39:54,63485.6500,5
SiM9,14:40:15,67489.2100,5
SiM9,14:40:15,66821.0000,3
SiM9,14:40:15,69493.8400,2
SiM9,14:40:19,68142.1200,10
SiM9,14:40:19,67473.0500,3
SiM9,14:40:19,64132.8000,3
SiM9,14:40:19,65468.9000,3
SiM9,14:41:00,70140.0000,1
SiM9,14:45:56,66825.0000,1
SiM9,14:47:43,68839.0200,1
SiM9,14:47:49,66157.7400,4
SiM9,14:49:46,67516.4800,1
SiM9,14:49:52,66181.5000,1
SiM9,14:52:50,64171.2000,1
SiM9,14:52:59,67501.3300,1
SiM9,14:54:13,67507.3900,1
SiM9,14:56:21,69534.4000,5
SiM9,14:59:29,66199.3200,1
SiM9,15:00:18,69544.8000,5
SiM9,15:02:33,66205.2600,5
SiM9,15:02:33,68212.5000,1
SiM9,15:03:07,68238.0000,1
SiM9,15:03:08,69583.2800,10
SiM9,15:03:08,67576.0700,3
SiM9,15:03:08,66237.9300,3
SiM9,15:03:08,70252.3500,3
SiM9,15:03:08,70253.4000,4
SiM9,15:03:16,68920.3900,3
SiM9,15:03:16,69589.5200,1
SiM9,15:03:16,69589.5200,2
SiM9,15:03:16,64905.6100,2
SiM9,15:03:16,64904.6400,2
SiM9,15:03:16,67581.1200,2
SiM9,15:03:26,66925.0000,1
SiM9,15:03:26,68266.5600,3
SiM9,15:03:26,70274.4000,3
SiM9,15:03:26,66930.0000,2
SiM9,15:03:33,68256.3600,10
SiM9,15:04:12,68917.3000,1
SiM9,15:04:32,63564.5000,2
SiM9,15:04:51,69587.4400,1
SiM9,15:05:21,63552.1500,5
SiM9,15:05:22,68903.9100,2
SiM9,15:05:22,64817.3400,2
SiM9,15:05:22,66228.0300,1
SiM9,15:05:22,68826.6600,1
SiM9,15:05:22,68234.9400,1
SiM9,15:05:22,63480.9000,1
SiM9,15:05:23,66897.0000,1
SiM9,15:05:30,64218.2400,2
SiM9,15:07:06,68918.3300,10
SiM9,15:09:20,63569.2500,1
SiM9,15:09:20,66920.0000,1
SiM9,15:09:20,64912.4000,2
SiM9,15:09:59,69593.6800,1
SiM9,15:09:59,64238.4000,1
SiM9,15:10:24,66910.0000,1
SiM9,15:10:34,68248.2000,2
SiM9,15:12:50,65558.0800,6
SiM9,15:12:50,67564.9600,3
SiM9,15:12:50,64220.1600,3
SiM9,15:12:50,67564.9600,3
SiM9,15:12:50,69571.8400,10
SiM9,15:12:50,68232.9000,10
SiM9,15:12:50,70238.7000,6
SiM9,15:12:50,70237.6500,3
SiM9,15:12:50,65555.1400,2
SiM9,15:12:50,64885.2400,2
SiM9,15:12:50,63547.4000,3
SiM9,15:12:50,69566.6400,2
SiM9,15:12:50,64215.3600,3
SiM9,15:12:50,67559.9100,2
SiM9,15:12:50,64200.0000,1
SiM9,15:12:51,66866.0000,3
SiM9,15:12:51,64191.3600,3
SiM9,15:12:51,70209.3000,3
SiM9,15:12:51,68192.1000,50
SiM9,15:12:51,64849.3500,24
SiM9,15:12:52,64189.4400,2
SiM9,15:12:52,66195.3600,3
SiM9,15:12:52,65526.7200,3
SiM9,15:12:52,68192.1000,3
SiM9,15:12:52,66186.4500,3
SiM9,15:12:52,66855.0000,3
SiM9,15:12:52,63512.2500,40
SiM9,15:13:02,63517.0000,1
SiM9,15:14:50,64185.6000,1
SiM9,15:16:02,65513.0000,1
SiM9,15:18:52,69527.1200,5
SiM9,15:18:52,68158.4400,5
SiM9,15:18:52,65515.9400,3
SiM9,15:18:52,64149.1200,3
SiM9,15:18:53,64847.4100,1
SiM9,15:18:53,66153.7800,1
SiM9,15:18:53,70195.6500,1
SiM9,15:18:53,66822.0000,1
SiM9,15:19:09,68190.0600,1
SiM9,15:20:38,63505.6000,1
SiM9,15:21:31,67511.4300,1
SiM9,15:21:31,69515.6800,1
SiM9,15:25:56,66835.0000,1
SiM9,15:28:50,68833.8700,1
SiM9,15:28:54,63483.7500,1
SiM9,15:28:54,68829.7500,4
SiM9,15:29:28,63472.3500,1
SiM9,15:31:20,67488.2000,6
SiM9,15:31:26,70161.0000,3
SiM9,15:31:26,68824.6000,1
SiM9,15:32:05,65483.6000,1
SiM9,15:32:05,65483.6000,3
SiM9,15:33:04,69480.3200,20
SiM9,15:33:04,66801.0000,22
SiM9,15:33:04,70140.0000,1
SiM9,15:33:04,67468.0000,20
SiM9,15:33:04,66795.0000,1
SiM9,15:33:04,66126.0600,3
SiM9,15:33:04,68797.8200,3
SiM9,15:33:04,69464.7200,3
SiM9,15:33:04,66124.0800,6
SiM9,15:33:04,64787.2700,9
SiM9,15:33:04,63450.5000,2
SiM9,15:33:04,66120.1200,3
SiM9,15:33:04,70119.0000,1
SiM9,15:33:04,64104.0000,1
SiM9,15:33:04,63434.3500,40
SiM9,15:33:04,68775.1600,1
SiM9,15:33:04,63432.4500,1
SiM9,15:33:04,69440.8000,1
SiM9,15:33:04,70107.4500,1
SiM9,15:33:04,67435.6800,1
SiM9,15:33:04,63428.6500,1
SiM9,15:33:04,65426.7600,2
SiM9,15:33:04,67427.6000,1000
SiM9,15:33:04,66751.0000,3
SiM9,15:33:04,67418.5100,10
SiM9,15:33:04,70087.5000,1
SiM9,15:33:04,68752.5000,1
SiM9,15:33:04,66750.0000,782
SiM9,15:33:05,69484.4800,3
SiM9,15:33:05,64807.6400,3
SiM9,15:33:05,63471.4000,3
SiM9,15:33:05,68149.2600,6
SiM9,15:33:05,68819.4500,6
SiM9,15:33:05,67486.1800,4
SiM9,15:33:05,64145.2800,6
SiM9,15:33:05,68155.3800,6
SiM9,15:33:05,68823.5700,4
SiM9,15:33:05,63478.0500,6
SiM9,15:33:05,63478.0500,4
SiM9,15:33:05,65482.6200,4
SiM9,15:33:05,63479.0000,5
SiM9,15:33:05,68141.1000,4
SiM9,15:33:05,68798.8500,6
SiM9,15:33:05,68798.8500,4
SiM9,15:33:05,63455.2500,1
SiM9,15:33:05,64792.1200,2
SiM9,15:33:05,66808.0000,12
SiM9,15:33:45,69472.0000,1
SiM9,15:33:45,67468.0000,4
SiM9,15:33:45,64817.3400,4
SiM9,15:33:45,66800.0000,2
SiM9,15:33:45,64149.1200,2
SiM9,15:33:45,68804.0000,1
SiM9,15:33:45,67490.2200,1
SiM9,15:33:45,69472.0000,1
SiM9,15:33:45,69494.8800,1
SiM9,15:33:45,65464.0000,1
SiM9,15:34:03,64127.0400,10
SiM9,15:35:21,66118.1400,1
SiM9,15:36:03,63451.4500,15
SiM9,15:36:03,64817.3400,15
SiM9,15:36:04,67463.9600,19
SiM9,15:36:04,68158.4400,19
SiM9,15:37:35,64124.1600,12
SiM9,15:37:35,67490.2200,12
SiM9,15:37:35,66128.0400,12
SiM9,15:37:35,68158.4400,12
SiM9,15:38:00,67457.9000,12
SiM9,15:39:57,63450.5000,6
SiM9,15:39:57,66790.0000,3
SiM9,15:39:58,67457.9000,4
SiM9,15:39:58,70116.9000,1
SiM9,15:39:58,67433.6600,1
SiM9,15:40:05,64101.1200,1
SiM9,15:40:49,70103.2500,1
SiM9,15:43:03,68099.2800,2
SiM9,15:43:03,66764.0000,10
SiM9,15:43:03,68099.2800,3
SiM9,15:43:03,64759.1400,3
SiM9,15:43:03,69432.4800,3
SiM9,15:43:03,70099.0500,4
SiM9,15:43:03,63422.9500,6
SiM9,15:43:03,63421.0500,6
SiM9,15:43:03,63422.0000,3
SiM9,15:43:04,68087.0400,10
SiM9,15:45:09,64775.6300,1
SiM9,15:45:10,68795.7600,50
SiM9,15:45:10,67490.2200,50
SiM9,15:46:24,67475.0700,1
SiM9,15:46:24,64149.1200,1
SiM9,15:46:25,64134.7200,1
SiM9,15:46:25,67490.2200,1
SiM9,15:46:25,70148.4000,1
SiM9,15:49:08,64810.5500,1
SiM9,15:51:03,68819.4500,15
SiM9,15:51:03,67483.1500,15
SiM9,15:51:03,66815.0000,1
SiM9,15:51:03,67483.1500,1
SiM9,15:51:03,64142.4000,1
SiM9,15:51:03,64142.4000,12
SiM9,15:51:04,64810.5500,5
SiM9,15:51:04,69494.8800,5
SiM9,15:51:04,67483.1500,8
SiM9,15:51:04,68158.4400,8
SiM9,15:51:04,66815.0000,30
SiM9,15:51:04,66822.0000,30
SiM9,15:51:04,63474.2500,5
SiM9,15:51:04,65485.5600,5
SiM9,15:51:04,64142.4000,23
SiM9,15:51:04,66822.0000,23
SiM9,15:51:04,64810.5500,12
SiM9,15:51:04,68826.6600,12
SiM9,15:51:04,63474.2500,6
SiM9,15:51:04,66153.7800,6
SiM9,15:51:04,64142.4000,3
SiM9,15:51:04,64149.1200,3
SiM9,15:51:04,64142.4000,1
SiM9,15:51:04,67490.2200,1
SiM9,15:51:04,67483.1500,1
SiM9,15:51:04,66153.7800,1
SiM9,15:51:31,68827.6900,10
SiM9,15:52:57,64152.9600,1
SiM9,15:52:59,69495.9200,2
SiM9,15:53:00,67493.2500,1
SiM9,15:55:00,63488.5000,1
SiM9,15:55:00,66168.6300,10
SiM9,15:55:00,69511.5200,5
SiM9,15:55:00,70182.0000,3
SiM9,15:55:00,64834.8000,3
SiM9,15:55:00,65503.2000,3
SiM9,15:55:00,68177.8200,1
SiM9,15:56:17,63498.0000,1
SiM9,15:56:17,63498.0000,3
SiM9,15:56:17,67508.4000,46
SiM9,15:58:10,65513.9800,4
SiM9,15:58:10,64817.3400,4
SiM9,15:59:38,65496.3400,2
SiM9,16:00:44,64163.5200,2
SiM9,16:03:09,68191.0800,3
SiM9,16:03:09,64848.3800,1
SiM9,16:03:30,63508.4500,3
SiM9,16:03:30,64149.1200,3
SiM9,16:03:30,70193.5500,1
SiM9,16:03:30,68826.6600,1
SiM9,16:03:30,68856.5300,1
SiM9,16:03:30,64817.3400,1
SiM9,16:03:46,68856.5300,1
SiM9,16:03:56,64172.1600,3
SiM9,16:03:56,67509.4100,6
SiM9,16:04:42,69515.6800,2
SiM9,16:04:42,68847.2600,2
SiM9,16:04:42,65505.1600,2
SiM9,16:04:42,64839.6500,2
SiM9,16:04:42,70163.1000,2
SiM9,16:04:42,64171.2000,1
SiM9,16:09:37,70184.1000,1
SiM9,16:09:43,66170.6100,2
SiM9,16:09:45,67508.4000,18
SiM9,16:10:02,67501.3300,2
SiM9,16:10:05,70180.9500,1
SiM9,16:12:01,66180.5100,1
SiM9,16:13:02,66837.0000,3
SiM9,16:13:02,70178.8500,1
SiM9,16:13:07,65500.2600,3
SiM9,16:13:07,70178.8500,8
SiM9,16:13:07,66837.0000,5
SiM9,16:13:07,67505.3700,3
SiM9,16:13:07,69510.4800,3
SiM9,16:13:07,67505.3700,3
SiM9,16:13:07,67505.3700,21
SiM9,16:15:40,66850.0000,2
SiM9,16:16:50,67494.2600,2
SiM9,16:16:51,68823.5700,1
SiM9,16:16:55,69485.5200,8
SiM9,16:16:55,63466.6500,6
SiM9,16:16:55,68811.2100,3
SiM9,16:16:55,68811.2100,3
SiM9,16:17:01,63460.0000,1
SiM9,16:17:21,68804.0000,2
SiM9,16:17:21,68136.0000,5
SiM9,16:17:30,68132.9400,7
SiM9,16:17:30,68132.9400,7
SiM9,16:17:30,70136.8500,1
SiM9,16:17:33,63451.4500,1
SiM9,16:17:54,68123.7600,1
SiM9,16:18:09,67444.7700,3
SiM9,16:18:09,64105.9200,3
SiM9,16:18:09,68780.3100,3
SiM9,16:18:09,68112.5400,3
SiM9,16:18:09,66777.0000,3
SiM9,16:18:09,68112.5400,3
SiM9,16:18:10,66777.0000,3
SiM9,16:18:10,70115.8500,3
SiM9,16:18:10,66777.0000,3
SiM9,16:18:10,68780.3100,3
SiM9,16:18:10,63438.1500,3
SiM9,16:18:10,68780.3100,3
SiM9,16:18:16,67445.7800,1
SiM9,16:18:22,69451.2000,5
SiM9,16:18:54,68116.6200,3
SiM9,16:18:58,66781.0000,2
SiM9,16:18:58,68784.4300,3
SiM9,16:18:58,68116.6200,3
SiM9,16:18:58,66113.1900,3
SiM9,16:18:58,68117.6400,3
SiM9,16:18:58,68784.4300,3
SiM9,16:18:58,67448.8100,3
SiM9,16:18:58,66782.0000,3
SiM9,16:18:58,64777.5700,3
SiM9,16:18:58,63441.9500,3
SiM9,16:18:58,68117.6400,3
SiM9,16:18:58,67448.8100,3
SiM9,16:18:58,64109.7600,3
SiM9,16:18:58,65446.3600,3
SiM9,16:18:58,64109.7600,3
SiM9,16:18:58,64777.5700,3
SiM9,16:18:58,63441.9500,3
SiM9,16:18:58,66113.1900,3
SiM9,16:18:58,66781.0000,2
SiM9,16:19:02,63456.2000,3
SiM9,16:19:02,65485.5600,3
SiM9,16:19:07,66116.1600,3
SiM9,16:19:07,69455.3600,3
SiM9,16:19:07,63444.8000,3
SiM9,16:19:07,67448.8100,1
SiM9,16:19:07,66779.0000,6
SiM9,16:19:07,69450.1600,4
SiM9,16:19:07,65441.4600,4
SiM9,16:19:07,69447.0400,6
SiM9,16:19:12,70121.1000,1
SiM9,16:19:12,68785.4600,1
SiM9,16:19:51,64111.6800,2
SiM9,16:19:51,68116.6200,3
SiM9,16:19:51,66110.2200,3
SiM9,16:19:51,70116.9000,3
SiM9,16:19:51,65439.5000,10
SiM9,16:19:51,68105.4000,5
SiM9,16:19:51,66770.0000,5
SiM9,16:20:46,65454.2000,2
SiM9,16:20:46,63445.7500,1
SiM9,16:21:38,68123.7600,3
SiM9,16:21:38,68123.7600,3
SiM9,16:21:38,64116.4800,3
SiM9,16:21:38,69456.4000,9
SiM9,16:21:38,64113.6000,9
SiM9,16:21:38,68120.7000,9
SiM9,16:21:38,68120.7000,9
SiM9,16:21:38,64113.6000,1
SiM9,16:22:30,66781.0000,2
SiM9,16:22:30,64777.5700,3
SiM9,16:22:30,70119.0000,3
SiM9,16:22:30,68783.4000,3
SiM9,16:22:30,66113.1900,3
SiM9,16:22:49,70098.0000,3
SiM9,16:22:49,66091.4100,3
SiM9,16:22:49,66091.4100,3
SiM9,16:23:15,65415.0000,5
SiM9,16:23:15,65415.0000,2
SiM9,16:23:15,64747.5000,1
SiM9,16:23:15,63412.5000,12
SiM9,16:23:15,66082.5000,20
SiM9,16:23:29,64080.0000,2
SiM9,16:23:29,67417.5000,3
SiM9,16:23:29,64747.5000,3
SiM9,16:23:29,64080.0000,3
SiM9,16:23:29,68751.4700,10
SiM9,16:23:29,69417.9200,3
SiM9,16:23:29,64745.5600,1
SiM9,16:23:29,67416.4900,2
SiM9,16:23:29,64746.5300,3
SiM9,16:23:47,65405.2000,1
SiM9,16:23:48,65405.2000,5
SiM9,16:24:24,70071.7500,4
SiM9,16:24:32,68086.0200,1
SiM9,16:24:37,70089.6000,4
SiM9,16:24:40,69412.7200,1
SiM9,16:24:40,64740.7100,3
SiM9,16:24:40,68076.8400,10
SiM9,16:24:40,68075.8200,2
SiM9,16:24:56,70100.1000,6
SiM9,16:24:56,68097.2400,4
SiM9,16:24:56,66763.0000,2
SiM9,16:24:56,68765.8900,1
SiM9,16:24:56,63415.3500,2
SiM9,16:25:39,66107.2500,3
SiM9,16:25:39,69446.0000,3
SiM9,16:25:39,66775.0000,3
SiM9,16:25:39,70115.8500,6
SiM9,16:25:39,70115.8500,4
SiM9,16:25:39,68112.5400,10
SiM9,16:25:52,64776.6000,1
SiM9,16:26:37,65454.2000,5
SiM9,16:26:37,64817.3400,5
SiM9,16:26:37,66790.0000,2
SiM9,16:26:37,67490.2200,2
SiM9,16:27:26,65460.0800,5
SiM9,16:27:53,67449.8200,9
SiM9,16:27:53,68106.4200,6
SiM9,16:27:53,64767.8700,3
SiM9,16:27:53,63431.5000,3
SiM9,16:29:10,66107.2500,1
SiM9,16:29:33,67457.9000,6
SiM9,16:29:33,68793.7000,8
SiM9,16:29:35,68793.7000,3
SiM9,16:29:35,68125.8000,3
SiM9,16:31:29,69449.1200,3
SiM9,16:31:29,70116.9000,2
SiM9,16:31:53,63414.4000,3
SiM9,16:31:53,64749.4400,2
SiM9,16:31:58,69422.0800,3
SiM9,16:31:58,64749.4400,3
SiM9,16:31:58,64749.4400,3
SiM9,16:31:58,68087.0400,10
SiM9,16:32:03,64093.4400,1
SiM9,16:32:18,64770.7800,4
SiM9,16:32:18,66153.7800,4
SiM9,16:32:18,67441.7400,2
SiM9,16:32:18,68826.6600,2
SiM9,16:32:18,65438.5200,1
SiM9,16:32:18,65485.5600,1
SiM9,16:32:18,67441.7400,1
SiM9,16:32:18,67490.2200,1
SiM9,16:32:19,64771.7500,1
SiM9,16:32:19,68158.4400,1
SiM9,16:36:46,68776.1900,3
SiM9,16:36:46,68106.4200,6
SiM9,16:36:46,64099.2000,3
SiM9,16:36:46,68105.4000,3
SiM9,16:36:46,63433.4000,1
SiM9,16:36:53,66768.0000,4
SiM9,16:41:56,70105.3500,1
SiM9,16:43:20,64781.4500,9
SiM9,16:43:20,63445.7500,9
SiM9,16:43:20,67452.8500,1
SiM9,16:43:20,65458.1200,33
SiM9,16:43:20,64149.1200,33
SiM9,16:43:30,64796.0000,1
SiM9,16:44:57,70158.9000,3
SiM9,16:46:16,66846.0000,2
SiM9,16:46:26,66191.4000,3
SiM9,16:46:26,68197.2000,3
SiM9,16:46:26,68865.8000,3
SiM9,16:46:26,68197.2000,12
SiM9,16:46:26,65522.8000,1
SiM9,16:46:26,64185.6000,21
SiM9,16:47:54,67511.4300,1
SiM9,16:48:06,64188.4800,1
SiM9,16:48:06,69494.8800,1
SiM9,16:49:55,64848.3800,1
SiM9,16:52:22,65533.5800,1
SiM9,16:52:22,70215.6000,4
SiM9,16:52:22,69494.8800,5
SiM9,16:52:22,68209.4400,1
SiM9,16:52:22,69494.8800,1
SiM9,16:52:27,66872.0000,3
SiM9,16:52:27,68158.4400,3
SiM9,16:52:27,69546.8800,1
SiM9,16:52:27,65485.5600,1
SiM9,16:52:27,65534.5600,1
SiM9,16:52:27,64149.1200,1
SiM9,16:52:32,68878.1600,1
SiM9,16:52:32,70217.7000,10
SiM9,16:52:32,69548.9600,1
SiM9,16:52:32,68212.5000,1
SiM9,16:52:32,70218.7500,9
SiM9,16:52:32,63480.9000,11
SiM9,16:52:38,65535.5400,4
SiM9,16:52:38,63529.3500,1
SiM9,16:53:12,64180.8000,9
SiM9,16:53:20,68183.9400,1
SiM9,16:54:36,70184.1000,1
SiM9,16:55:13,63507.5000,1
SiM9,16:55:13,64817.3400,1
SiM9,16:55:35,68855.5000,1
SiM9,16:55:47,67512.4400,3
SiM9,16:55:47,63501.8000,3
SiM9,16:55:47,66175.5600,3
SiM9,16:55:51,65511.0400,10
SiM9,16:55:51,68184.9600,10
SiM9,16:57:19,70197.7500,1
SiM9,16:57:19,67523.5500,1
SiM9,16:57:19,69529.2000,1
SiM9,16:57:19,65517.9000,9
SiM9,16:57:19,68860.6500,40
SiM9,16:57:19,66153.7800,1
SiM9,16:57:19,66855.0000,40
SiM9,16:57:19,67523.5500,44
SiM9,16:57:19,65485.5600,44
SiM9,16:57:19,69529.2000,2
SiM9,16:57:19,68158.4400,2
SiM9,16:57:19,68192.1000,1
SiM9,16:57:19,63480.9000,1
SiM9,16:57:19,64843.5300,3
SiM9,16:57:19,67517.4900,3
SiM9,16:57:19,67517.4900,3
SiM9,16:57:19,68860.6500,1
SiM9,16:58:26,64192.3200,4
SiM9,16:58:26,69541.6800,3
SiM9,16:58:26,69541.6800,3
SiM9,16:58:26,65529.6600,3
SiM9,16:59:04,67543.7500,1
SiM9,16:59:09,64210.5600,1
SiM9,16:59:31,63539.8000,5
SiM9,16:59:31,68158.4400,5
SiM9,16:59:40,67556.8800,1
SiM9,16:59:40,65549.2600,3
SiM9,16:59:40,64880.3900,3
SiM9,16:59:40,64880.3900,3
SiM9,16:59:40,65549.2600,1
SiM9,17:00:02,63555.0000,3
SiM9,17:00:02,64149.1200,3
SiM9,17:00:03,63555.0000,1
SiM9,17:00:03,70163.1000,1
SiM9,17:00:03,64224.0000,11
SiM9,17:00:03,66153.7800,11
SiM9,17:00:03,64893.0000,3
SiM9,17:00:03,69494.8800,3
SiM9,17:00:03,66231.0000,3
SiM9,17:00:03,70163.1000,3
SiM9,17:00:04,63555.0000,4
SiM9,17:00:04,68158.4400,4
