SECID,TRADETIME,PRICE,QUANTITY
BRJ9,19:05:05,63.2320,3
BRJ9,19:05:05,63.8400,3
BRJ9,19:05:06,59.4664,1
BRJ9,19:05:29,62.6961,1
BRJ9,19:06:02,59.7212,1
BRJ9,19:06:06,61.5292,10
BRJ9,19:06:16,62.3220,1
BRJ9,19:06:17,61.1000,2
BRJ9,19:06:18,64.1550,3
BRJ9,19:06:18,59.8780,1
BRJ9,19:06:20,58.0450,3
BRJ9,19:10:02,61.6100,1
BRJ9,19:10:03,61.0000,3
BRJ9,19:10:03,59.7800,3
BRJ9,19:10:04,58.5600,1
BRJ9,19:10:04,64.0500,1
BRJ9,19:10:04,61.6100,1
BRJ9,19:13:15,61.4383,1
BRJ9,19:13:16,63.2320,1
BRJ9,19:13:16,58.3680,3
BRJ9,19:13:16,62.6240,6
BRJ9,19:20:23,62.2812,2
BRJ9,19:24:25,62.9330,1
BRJ9,19:24:25,63.5440,3
BRJ9,19:24:33,58.0450,3
BRJ9,19:24:33,61.7110,3
BRJ9,19:24:33,60.4890,1
BRJ9,19:24:35,61.7110,3
BRJ9,19:24:35,62.3220,1
BRJ9,19:25:30,63.5440,5
BRJ9,19:37:54,64.0815,1
BRJ9,19:41:23,59.3446,3
BRJ9,19:45:09,63.7000,1
BRJ9,19:47:31,62.5260,140
BRJ9,19:47:31,61.9130,2
BRJ9,19:49:45,61.3900,1
BRJ9,19:49:45,62.6382,1
BRJ9,19:49:45,58.9824,1
BRJ9,19:49:46,62.0746,1
BRJ9,19:49:55,61.4900,1
BRJ9,20:34:56,60.0936,1
BRJ9,20:35:16,60.6969,3
BRJ9,20:35:21,63.1287,3
BRJ9,20:35:21,63.7312,3
BRJ9,20:35:21,58.8288,1
BRJ9,21:03:00,62.5158,1
BRJ9,21:04:01,63.0978,1
BRJ9,21:04:05,63.0772,1
BRJ9,21:24:27,58.1875,1
BRJ9,21:25:11,62.4342,1
BRJ9,21:34:40,64.4805,1
BRJ9,21:34:41,61.4400,1
BRJ9,21:35:17,62.6892,1
BRJ9,21:35:18,62.1049,1
BRJ9,21:35:18,63.3347,1
BRJ9,21:35:36,63.9704,1
BRJ9,21:36:42,59.0208,1
BRJ9,22:01:14,60.6870,1
BRJ9,22:01:17,58.8288,1
BRJ9,22:10:44,61.8726,1
BRJ9,22:11:03,60.0152,1
BRJ9,22:11:10,59.3737,1
BRJ9,22:11:15,61.8019,3
BRJ9,22:11:26,61.2000,3
BRJ9,22:12:15,63.6272,3
BRJ9,22:12:15,61.7918,3
BRJ9,22:12:16,64.2390,1
BRJ9,22:12:37,62.4240,3
BRJ9,22:17:29,61.2300,3
BRJ9,22:18:38,63.0463,3
BRJ9,22:20:52,63.6792,3
BRJ9,22:21:14,64.3440,3
BRJ9,22:21:28,58.8480,3
BRJ9,22:21:29,60.6969,1
BRJ9,22:21:52,64.4070,1
BRJ9,22:21:57,61.3600,1
BRJ9,22:24:02,63.7520,3
BRJ9,22:24:02,58.2350,1
BRJ9,22:24:02,63.1390,3
BRJ9,22:25:38,58.2160,2
BRJ9,22:27:09,63.0154,1
BRJ9,22:27:27,61.1600,3
BRJ9,22:28:50,59.5289,1
BRJ9,22:29:56,59.4804,3
BRJ9,22:33:17,59.4222,3
BRJ9,23:07:54,59.4416,1
BRJ9,23:09:29,58.2065,1
BRJ9,23:11:23,60.6969,1
BRJ9,23:38:10,60.1034,1
BRJ9,23:44:47,60.1230,1
BRJ9,23:47:59,62.5464,1
BRJ9,10:00:00,63.1905,19
BRJ9,10:00:00,61.4900,1
BRJ9,10:00:00,60.4562,1
BRJ9,10:00:06,62.4483,1
BRJ9,10:00:14,58.6720,1
BRJ9,10:00:25,62.3776,1
BRJ9,10:00:52,61.1028,1
BRJ9,10:01:20,61.7400,20
BRJ9,10:01:53,59.9072,1
BRJ9,10:02:21,59.8878,1
BRJ9,10:02:46,64.8165,1
BRJ9,10:03:05,63.5819,1
BRJ9,10:06:16,60.4856,1
BRJ9,10:08:43,64.2720,1
BRJ9,10:09:38,63.0360,9
BRJ9,10:10:19,62.4079,1
BRJ9,10:47:47,64.1056,2
BRJ9,10:53:39,61.0731,1
BRJ9,10:54:55,62.3271,1
BRJ9,11:03:33,61.1325,1
BRJ9,11:11:18,61.6500,1
BRJ9,11:11:20,59.7908,1
BRJ9,11:14:05,58.4725,2
BRJ9,11:16:27,59.0880,1
BRJ9,11:33:16,63.4480,10
BRJ9,11:41:46,59.3280,3
BRJ9,11:41:52,59.3568,1
BRJ9,11:43:35,64.8270,3
BRJ9,11:43:35,61.7400,1
BRJ9,12:12:32,61.0236,3
BRJ9,12:12:32,59.1744,1
BRJ9,12:14:04,64.0224,1
BRJ9,12:17:54,62.2160,10
BRJ9,12:17:54,61.6000,18
BRJ9,12:28:12,64.0536,1
BRJ9,12:28:25,62.2261,1
BRJ9,12:29:33,59.6550,8
BRJ9,12:30:51,62.7300,2
BRJ9,12:45:22,63.3656,1
BRJ9,12:50:02,60.1524,1
BRJ9,12:50:17,60.2014,1
BRJ9,12:51:29,61.2900,1
BRJ9,12:51:55,61.2900,1
BRJ9,12:54:32,60.1328,1
BRJ9,13:00:50,62.4342,2
BRJ9,13:04:01,59.9760,13
BRJ9,13:05:43,64.3230,1
BRJ9,13:09:42,58.8960,1
BRJ9,14:05:01,62.5668,3
BRJ9,14:06:03,63.8248,1
BRJ9,14:11:42,60.1230,2
BRJ9,14:26:17,64.0710,1
BRJ9,14:33:37,62.9227,1
BRJ9,14:34:48,59.3155,2
BRJ9,14:42:09,59.3640,2
BRJ9,14:49:16,61.2000,1
BRJ9,14:52:07,60.6375,1
BRJ9,15:00:54,60.4890,20
BRJ9,15:00:54,63.5440,500
BRJ9,15:05:12,59.2670,8
BRJ9,15:06:21,60.3900,10
BRJ9,15:06:21,63.4400,10
BRJ9,15:06:21,61.0000,1
BRJ9,15:06:26,61.6403,6
BRJ9,15:06:32,61.0000,3
BRJ9,15:06:32,62.2200,11
BRJ9,15:06:32,58.5600,2
BRJ9,15:06:42,64.0185,2
BRJ9,15:06:42,57.9120,1
BRJ9,15:24:31,62.2710,1
BRJ9,15:24:32,61.0500,1
BRJ9,15:24:32,57.9975,1
BRJ9,15:24:32,59.8290,1
BRJ9,15:24:32,59.8290,1
BRJ9,15:24:32,58.6080,1
BRJ9,15:24:32,59.8290,1
BRJ9,15:24:32,59.8290,1
BRJ9,15:24:33,59.2185,1
BRJ9,15:24:33,57.9975,1
BRJ9,15:24:33,62.8815,1
BRJ9,15:24:33,62.2710,1
BRJ9,15:24:33,59.8290,1
BRJ9,15:24:33,64.1025,1
BRJ9,15:24:33,61.0500,1
BRJ9,15:24:34,60.4395,1
BRJ9,15:24:34,60.4395,1
BRJ9,15:24:34,62.2710,1
BRJ9,15:24:34,64.1025,1
BRJ9,15:24:34,59.2185,1
BRJ9,15:24:34,60.4395,1
BRJ9,15:24:35,62.2710,1
BRJ9,15:24:35,59.8290,1
BRJ9,15:24:35,59.8290,1
BRJ9,15:24:35,63.4920,1
BRJ9,15:24:35,58.6080,1
BRJ9,15:24:35,61.0500,1
BRJ9,15:24:36,62.2710,1
BRJ9,15:24:36,62.2710,1
BRJ9,15:24:36,59.8290,1
BRJ9,15:24:36,62.8815,1
BRJ9,15:24:36,60.4395,1
BRJ9,15:24:37,63.4920,1
BRJ9,15:24:37,60.4395,1
BRJ9,15:24:37,57.9975,1
BRJ9,15:24:37,64.1025,1
BRJ9,15:24:37,61.0500,1
BRJ9,15:24:37,61.6605,1
BRJ9,15:24:38,63.4920,1
BRJ9,15:24:38,62.8815,1
BRJ9,15:24:38,61.0500,1
BRJ9,15:24:38,60.4395,1
BRJ9,15:24:38,60.4395,1
BRJ9,15:24:38,62.2710,1
BRJ9,15:24:39,59.8290,1
BRJ9,15:24:39,61.6605,1
BRJ9,15:24:39,57.9975,1
BRJ9,15:24:39,59.2185,1
BRJ9,15:24:39,60.4395,1
BRJ9,15:24:40,61.0500,1
BRJ9,15:34:48,61.0000,1
BRJ9,15:36:37,62.1894,1
BRJ9,15:50:29,63.9450,3
BRJ9,15:50:30,62.0976,1
BRJ9,15:50:30,59.6134,5
BRJ9,15:57:48,61.6403,1
BRJ9,15:57:48,62.2506,9
BRJ9,15:57:54,63.4608,10
BRJ9,15:58:03,62.8609,1
BRJ9,15:58:29,61.6302,6
BRJ9,15:58:46,62.8609,6
BRJ9,15:58:55,58.5984,3
BRJ9,15:59:00,59.8192,3
BRJ9,15:59:00,59.2185,1
BRJ9,15:59:02,59.2185,3
BRJ9,15:59:20,59.8290,2
BRJ9,15:59:57,61.6504,2
BRJ9,15:59:58,59.8290,2
BRJ9,15:59:58,61.6706,2
BRJ9,16:00:04,59.9172,1
BRJ9,16:00:12,61.8120,10
BRJ9,16:02:13,60.0740,1
BRJ9,16:03:53,60.6771,2
BRJ9,16:05:29,63.1081,25
BRJ9,16:14:49,58.2825,2
BRJ9,16:17:14,62.6280,2
BRJ9,16:17:14,60.7959,6
BRJ9,16:20:56,59.4416,1
BRJ9,16:26:02,62.5260,3
BRJ9,16:51:24,61.7817,1
BRJ9,17:11:32,61.3200,1
BRJ9,17:47:17,58.3490,2
BRJ9,17:47:52,60.2406,1
BRJ9,17:50:01,62.7300,35
BRJ9,17:50:01,62.1150,2
BRJ9,17:50:01,63.9704,2
BRJ9,17:50:01,60.2896,3
BRJ9,17:55:48,59.5580,3
BRJ9,17:55:59,61.4000,7
BRJ9,18:04:38,60.0544,3
BRJ9,18:42:00,59.3737,12
BRJ9,18:42:53,60.6870,3
BRJ9,18:42:53,64.3650,2
BRJ9,19:01:13,67.8504,2
BRJ9,19:01:13,64.5244,1
BRJ9,19:01:13,69.1808,4
BRJ9,19:01:13,67.1852,28
BRJ9,19:01:22,67.1852,2
BRJ9,19:01:32,65.8548,2
BRJ9,19:01:32,63.1940,1
BRJ9,19:03:00,67.1347,1
BRJ9,19:03:00,68.4641,36
BRJ9,19:03:07,63.1465,20
BRJ9,19:03:07,63.1465,1
BRJ9,19:03:07,65.8053,2
BRJ9,19:03:07,66.4700,18
BRJ9,19:03:07,67.7994,22
BRJ9,19:03:07,63.8016,2
BRJ9,19:03:07,63.1370,1
BRJ9,19:03:07,63.8016,2
BRJ9,19:03:07,63.8016,1
BRJ9,19:03:08,69.7935,4
BRJ9,19:03:09,65.1406,1
BRJ9,19:03:09,64.4759,9
BRJ9,19:03:10,68.4744,2
BRJ9,19:03:22,67.1549,2
BRJ9,19:03:22,66.4900,1
BRJ9,19:03:25,65.1308,2
BRJ9,19:03:33,69.7725,1
BRJ9,19:03:39,63.7920,1
BRJ9,19:03:40,67.7586,1
BRJ9,19:03:40,67.7586,1
BRJ9,19:03:40,66.4300,3
BRJ9,19:03:41,69.0976,1
BRJ9,19:03:45,67.7688,1
BRJ9,19:03:48,67.7484,1
BRJ9,19:03:48,66.4100,5
BRJ9,19:03:48,63.7536,1
BRJ9,19:03:53,69.7095,2
BRJ9,19:03:53,64.3886,2
BRJ9,19:03:53,69.0352,1
BRJ9,19:03:53,68.3714,3
BRJ9,19:03:53,64.3886,4
BRJ9,19:03:54,67.0438,3
BRJ9,19:03:54,66.3800,1
BRJ9,19:03:54,68.3714,1
BRJ9,19:04:00,69.7095,1
BRJ9,19:04:37,66.4400,2
BRJ9,19:05:17,69.0664,1
BRJ9,19:05:21,66.4200,1
BRJ9,19:06:21,69.8145,1
BRJ9,19:06:22,69.1496,3
BRJ9,19:06:22,67.8198,1
BRJ9,19:06:49,66.4700,1
BRJ9,19:07:13,68.4744,1
BRJ9,19:07:15,66.4800,1
BRJ9,19:07:21,69.1288,1
BRJ9,19:07:21,69.1184,1
BRJ9,19:07:21,63.1370,33
BRJ9,19:07:39,67.1145,1
BRJ9,19:07:39,69.7620,1
BRJ9,19:07:42,67.0943,2
BRJ9,19:07:42,69.0872,1
BRJ9,19:07:42,69.7515,1
BRJ9,19:07:42,69.7515,1
BRJ9,19:07:42,67.0943,1
BRJ9,19:07:42,65.1014,1
BRJ9,19:07:42,63.1085,1
BRJ9,19:07:53,65.1112,1
BRJ9,19:07:57,64.4371,1
BRJ9,19:08:01,63.1180,1
BRJ9,19:08:01,65.7756,1
BRJ9,19:08:01,66.4400,2
BRJ9,19:08:01,64.4468,1
BRJ9,19:08:03,64.4468,1
BRJ9,19:08:06,66.4400,1
BRJ9,19:09:04,69.1080,1
BRJ9,19:09:26,67.1448,25
BRJ9,19:09:26,63.1560,75
BRJ9,19:09:26,69.1392,25
BRJ9,19:09:26,69.8040,39
BRJ9,19:09:40,64.4662,1
BRJ9,19:10:25,67.1347,3
BRJ9,19:10:25,63.1465,1
BRJ9,19:10:54,65.1602,57
BRJ9,19:10:58,69.1496,38
BRJ9,19:11:02,65.1504,1
BRJ9,19:11:11,63.1465,1
BRJ9,19:11:44,65.8053,1
BRJ9,19:11:44,63.1370,1
BRJ9,19:11:52,64.4565,1
BRJ9,19:12:05,67.7688,1
BRJ9,19:12:15,67.7586,10
BRJ9,19:12:15,69.0872,1
BRJ9,19:12:15,63.1085,1
BRJ9,19:12:44,63.1085,2
BRJ9,19:13:08,63.1180,1
BRJ9,19:13:08,63.1180,2
BRJ9,19:13:10,66.4300,1
BRJ9,19:13:29,64.4371,1
BRJ9,19:13:57,63.1180,4
BRJ9,19:14:28,65.1112,1
BRJ9,19:14:28,66.4400,2
BRJ9,19:14:28,66.4400,3
BRJ9,19:14:42,68.4229,1
BRJ9,19:15:18,65.0916,1
BRJ9,19:15:18,67.0842,1
BRJ9,19:15:18,64.4274,2
BRJ9,19:15:18,69.7410,4
BRJ9,19:15:18,65.0916,2
BRJ9,19:15:35,63.0990,4
BRJ9,19:15:35,67.0842,4
BRJ9,19:15:35,63.7632,7
BRJ9,19:16:01,66.4900,4
BRJ9,19:16:03,63.8400,2
BRJ9,19:16:03,63.8400,33
BRJ9,19:16:04,63.8400,2
BRJ9,19:16:04,69.1600,3
BRJ9,19:16:13,69.1704,1
BRJ9,19:16:13,66.5100,1
BRJ9,19:16:13,69.8355,4
BRJ9,19:16:13,64.5147,1
BRJ9,19:16:13,65.8449,4
BRJ9,19:16:13,64.5147,1
BRJ9,19:17:51,67.1246,2
BRJ9,19:17:51,66.4600,33
BRJ9,19:18:45,69.8040,1
BRJ9,19:19:05,63.1750,1
BRJ9,19:19:25,67.8402,1
BRJ9,19:19:26,65.8251,2
BRJ9,19:20:50,65.2092,1
BRJ9,19:21:00,63.2225,1
BRJ9,19:21:19,63.2225,2
BRJ9,19:21:19,63.2225,4
BRJ9,19:21:19,64.5535,4
BRJ9,19:21:45,67.8606,1
BRJ9,19:21:50,65.8548,1
BRJ9,19:22:04,68.5053,1
BRJ9,19:22:21,63.1750,3
BRJ9,19:22:38,63.8304,3
BRJ9,19:22:42,68.4950,2
BRJ9,19:22:42,67.8096,15
BRJ9,19:22:42,67.8096,1
BRJ9,19:23:02,64.4565,4
BRJ9,19:23:02,67.7790,4
BRJ9,19:23:02,65.1210,1
BRJ9,19:23:02,68.4435,1
BRJ9,19:23:28,63.8016,2
BRJ9,19:23:28,63.8016,4
BRJ9,19:23:28,65.1308,1
BRJ9,19:23:28,69.7830,1
BRJ9,19:23:28,65.1210,4
BRJ9,19:23:28,69.7725,1
BRJ9,19:23:28,64.4565,1
BRJ9,19:23:28,64.4565,14
BRJ9,19:23:28,69.1080,1
BRJ9,19:23:28,69.0976,1
BRJ9,19:23:28,65.1112,3
BRJ9,19:23:28,69.0976,2
BRJ9,19:23:28,69.7515,2
BRJ9,19:23:28,65.7657,1
BRJ9,19:23:28,63.7632,1
BRJ9,19:23:28,69.0768,2
BRJ9,19:23:28,67.0842,7
BRJ9,19:23:28,68.4023,1
BRJ9,19:23:28,66.4100,1
BRJ9,19:23:28,63.7536,1
BRJ9,19:23:28,65.0818,1
BRJ9,19:23:28,67.7382,1
BRJ9,19:23:28,66.4100,4
BRJ9,19:23:28,63.0895,1
BRJ9,19:23:31,64.4080,1
BRJ9,19:23:59,63.7632,10
BRJ9,19:23:59,67.7484,15
BRJ9,19:24:08,69.0768,1
BRJ9,19:24:10,65.0916,2
BRJ9,19:24:10,68.4126,1
BRJ9,19:24:15,68.4126,1
BRJ9,19:24:19,64.4468,1
BRJ9,19:24:19,69.0976,2
BRJ9,19:24:19,65.1112,4
BRJ9,19:24:19,63.1370,15
BRJ9,19:24:19,65.1308,296
BRJ9,19:24:19,65.1308,25
BRJ9,19:24:19,65.7954,40
BRJ9,19:24:19,63.1370,2
BRJ9,19:24:19,69.1184,20
BRJ9,19:24:19,67.1246,36
BRJ9,19:24:19,65.7954,44
BRJ9,19:24:19,63.8016,18
BRJ9,19:24:19,64.4662,35
BRJ9,19:24:19,65.1308,36
BRJ9,19:24:19,69.8040,4
BRJ9,19:24:24,67.1751,1
BRJ9,19:24:28,63.1845,4
BRJ9,19:24:30,65.1994,1
BRJ9,19:24:30,65.2092,3
BRJ9,19:24:30,67.8504,15
BRJ9,19:24:31,69.8565,3
BRJ9,19:24:31,67.1953,3
BRJ9,19:24:31,66.5300,2
BRJ9,19:24:31,65.8647,1
BRJ9,19:24:31,65.2092,1
BRJ9,19:24:33,67.1852,2
BRJ9,19:24:33,66.5200,1
BRJ9,19:24:40,68.5156,2
BRJ9,19:24:40,69.1704,15
BRJ9,19:24:40,63.8496,6
BRJ9,19:24:40,65.8449,51
BRJ9,19:24:40,66.5100,20
BRJ9,19:24:40,63.1845,23
BRJ9,19:24:49,63.8304,2
BRJ9,19:24:49,69.1600,15
BRJ9,19:24:51,63.8400,1
BRJ9,19:24:52,66.5000,20
BRJ9,19:24:52,66.5000,13
BRJ9,19:24:58,63.8592,3
BRJ9,19:26:05,67.1953,1
BRJ9,19:26:33,64.5438,1
BRJ9,19:26:33,67.8708,3
BRJ9,19:26:36,67.2155,1
BRJ9,19:26:36,64.5535,1
BRJ9,19:26:36,66.5500,7
BRJ9,19:26:39,66.5600,1
BRJ9,19:26:39,67.2256,1
BRJ9,19:27:11,67.2054,2
BRJ9,19:27:11,66.5400,3
BRJ9,19:27:11,63.2130,3
BRJ9,19:27:11,67.8708,1
BRJ9,19:27:11,66.5400,11
BRJ9,19:27:48,67.2054,1
BRJ9,19:27:48,63.8784,1
BRJ9,19:27:50,63.2035,1
BRJ9,19:27:56,67.1953,100
BRJ9,19:27:58,65.1700,2
BRJ9,19:27:58,64.5050,4
BRJ9,19:28:01,64.5050,1
BRJ9,19:28:03,64.4953,3
BRJ9,19:28:07,63.1655,3
BRJ9,19:28:30,69.1496,3
BRJ9,19:28:44,66.5100,1
BRJ9,19:28:45,69.8250,3
BRJ9,19:29:00,63.1560,1
BRJ9,19:29:01,66.4800,1
BRJ9,19:29:07,67.8198,3
BRJ9,19:29:07,63.1655,15
BRJ9,19:29:07,63.8400,4
BRJ9,19:29:07,65.8449,2
BRJ9,19:29:07,66.5200,2
BRJ9,19:29:08,65.1994,1
BRJ9,19:29:26,63.8496,2
BRJ9,19:29:26,67.1751,1
BRJ9,19:29:26,67.8402,2
BRJ9,19:29:26,66.5100,1
BRJ9,19:29:34,68.5259,1
BRJ9,19:29:34,64.5341,1
BRJ9,19:29:37,63.8784,15
BRJ9,19:29:42,65.1896,40
BRJ9,19:29:43,69.8565,3
BRJ9,19:29:43,64.5341,1
BRJ9,19:29:43,67.1953,2
BRJ9,19:29:43,64.5341,3
BRJ9,19:29:43,68.5259,15
BRJ9,19:29:43,69.2016,15
BRJ9,19:29:43,67.2155,15
BRJ9,19:29:43,63.8880,4
BRJ9,19:29:43,69.8775,1
BRJ9,19:29:43,64.5535,19
BRJ9,19:29:43,68.5465,1
BRJ9,19:29:43,64.5632,1
BRJ9,19:29:43,65.2288,1
BRJ9,19:29:43,66.5600,2
BRJ9,19:29:43,65.2288,2
BRJ9,19:29:43,63.2320,1
BRJ9,19:29:43,65.8944,2
BRJ9,19:29:43,66.5600,3
BRJ9,19:29:43,63.2320,2
BRJ9,19:29:44,68.5465,2
BRJ9,19:29:44,63.2225,15
BRJ9,19:29:45,65.8845,2
BRJ9,19:29:53,66.5400,1
BRJ9,19:29:53,64.5438,2
BRJ9,19:29:57,65.8647,1
BRJ9,19:30:01,63.8400,1
BRJ9,19:30:01,63.1560,1
BRJ9,19:30:02,68.4744,2
BRJ9,19:30:02,65.8152,3
BRJ9,19:30:02,63.1465,1
BRJ9,19:30:02,63.1370,33
BRJ9,19:30:02,68.4538,1
BRJ9,19:30:02,69.1184,15
BRJ9,19:30:02,66.4600,1
BRJ9,19:30:02,68.4538,1
BRJ9,19:30:02,67.1246,100
BRJ9,19:30:03,65.7855,1
BRJ9,19:30:03,66.4500,1
BRJ9,19:30:04,66.4600,15
BRJ9,19:30:06,65.8053,3
BRJ9,19:30:06,69.1392,1
BRJ9,19:30:06,66.4900,15
BRJ9,19:30:06,65.1504,2
BRJ9,19:30:06,65.8152,1
BRJ9,19:30:06,63.8208,1
BRJ9,19:30:07,67.8096,2
BRJ9,19:30:12,65.1406,2
BRJ9,19:30:12,67.7994,1
BRJ9,19:30:15,69.1600,1
BRJ9,19:30:16,65.1700,3
BRJ9,19:30:18,68.4847,15
BRJ9,19:30:48,65.8647,7
BRJ9,19:30:52,63.8496,15
BRJ9,19:30:54,68.4950,2
BRJ9,19:30:54,65.1700,3
BRJ9,19:30:54,67.8300,3
BRJ9,19:30:54,69.8145,100
BRJ9,19:30:54,68.4847,3
BRJ9,19:30:54,67.1549,1
BRJ9,19:30:54,67.8096,1
BRJ9,19:30:54,67.8096,1
BRJ9,19:30:54,66.4800,2
BRJ9,19:30:54,63.8208,1
BRJ9,19:30:54,65.8152,3
BRJ9,19:31:06,67.1448,1
BRJ9,19:31:06,69.1392,2
BRJ9,19:31:10,65.8053,1
BRJ9,19:31:10,63.8112,1
BRJ9,19:31:21,67.1246,1
BRJ9,19:31:21,65.1308,15
BRJ9,19:31:34,69.7935,1
BRJ9,19:31:51,65.1406,1
BRJ9,19:31:51,63.8016,1
BRJ9,19:32:02,63.1370,1
BRJ9,19:32:03,63.1275,7
BRJ9,19:32:03,68.4435,1
BRJ9,19:32:03,65.1210,7
BRJ9,19:32:43,65.8053,3
BRJ9,19:32:43,69.7935,1
BRJ9,19:32:43,63.1465,1
BRJ9,19:32:43,69.7935,2
BRJ9,19:32:43,63.1465,3
BRJ9,19:32:43,63.8016,1
BRJ9,19:33:02,69.1496,2
BRJ9,19:33:05,65.8350,1
BRJ9,19:33:09,64.4953,1
BRJ9,19:33:09,63.8208,3
BRJ9,19:33:09,68.4744,3
BRJ9,19:33:09,66.4800,14
BRJ9,19:33:09,65.1504,2
BRJ9,19:33:09,65.8152,21
BRJ9,19:33:09,64.4856,9
BRJ9,19:33:09,67.1448,36
BRJ9,19:33:14,65.8053,1
BRJ9,19:33:51,66.4800,1
BRJ9,19:33:51,65.8053,1
BRJ9,19:33:51,69.7830,1
BRJ9,19:33:51,65.1210,1
BRJ9,19:33:51,66.4500,3
BRJ9,19:35:01,68.4847,15
BRJ9,19:36:28,67.8300,33
BRJ9,19:36:33,65.8350,1
BRJ9,19:37:26,63.8208,1
BRJ9,19:38:12,65.1504,2
BRJ9,19:38:12,66.4800,1
BRJ9,19:39:06,63.8304,2
BRJ9,19:39:12,66.5000,2
BRJ9,19:40:04,67.1852,2
BRJ9,19:43:09,66.5300,15
BRJ9,19:43:09,69.8565,1
BRJ9,19:43:09,69.8565,1
BRJ9,19:43:21,63.8592,1
BRJ9,19:48:59,69.1496,1
BRJ9,19:49:07,65.8152,1
BRJ9,19:49:18,67.1347,1
BRJ9,19:49:18,67.7892,2
BRJ9,19:49:18,64.4662,1
BRJ9,19:49:18,69.1184,33
BRJ9,19:49:18,65.7954,1
BRJ9,19:49:18,63.7920,2
BRJ9,19:49:18,67.1145,1
BRJ9,19:49:18,66.4500,1
BRJ9,19:49:18,65.1210,1
BRJ9,19:49:24,66.4400,1
BRJ9,19:49:26,66.4400,1
BRJ9,19:49:34,66.4300,1
BRJ9,19:49:37,67.0842,1
BRJ9,19:49:37,65.7558,41
BRJ9,19:49:38,68.4126,109
BRJ9,19:49:38,67.7382,1
BRJ9,19:49:38,69.0664,1
BRJ9,19:49:38,66.4100,7
BRJ9,19:49:39,64.4080,15
BRJ9,19:49:39,69.7095,1
BRJ9,19:49:39,63.7344,15
BRJ9,19:49:39,65.7360,1
BRJ9,19:49:39,64.4080,2
BRJ9,19:49:39,67.7280,2
BRJ9,19:49:39,63.7440,1
BRJ9,19:49:39,69.0560,2
BRJ9,19:49:39,69.7200,2
BRJ9,19:49:39,64.4080,1
BRJ9,19:49:39,69.0560,4
BRJ9,19:49:39,68.3920,15
BRJ9,19:49:44,67.7382,2
BRJ9,19:49:44,69.7305,2
BRJ9,19:49:55,69.7410,2
BRJ9,19:49:55,67.7484,1
BRJ9,19:49:55,63.0990,2
BRJ9,19:49:56,67.7484,2
BRJ9,19:49:56,64.4274,1
BRJ9,19:49:56,66.4200,2
BRJ9,19:49:57,68.4126,2
BRJ9,19:49:57,68.4126,3
BRJ9,19:49:58,65.0916,5
BRJ9,19:49:59,63.0990,5
BRJ9,19:50:00,67.0842,5
BRJ9,19:50:36,65.7756,2
BRJ9,19:50:36,67.7688,1
BRJ9,19:50:36,65.7756,2
BRJ9,19:50:36,63.7728,1
BRJ9,19:50:36,63.7728,2
BRJ9,19:50:36,63.1085,2
BRJ9,19:50:36,63.1085,1
BRJ9,19:50:36,68.4229,2
BRJ9,19:50:36,63.7728,2
BRJ9,19:50:36,63.7728,5
BRJ9,19:50:42,63.7728,1
BRJ9,19:51:02,64.4274,1
BRJ9,19:52:31,63.7632,1
BRJ9,19:53:04,66.4100,1
BRJ9,19:53:04,67.7382,1
BRJ9,19:53:23,65.7360,1
BRJ9,19:53:23,65.7360,2
BRJ9,19:53:23,67.7280,1
BRJ9,19:53:23,63.0800,1
BRJ9,19:53:23,64.4274,1
BRJ9,19:54:43,69.7410,1
BRJ9,19:55:58,64.4177,1
BRJ9,19:56:28,69.7410,6
BRJ9,19:56:34,65.7558,2
BRJ9,19:56:34,65.0916,1
BRJ9,19:56:34,63.7632,1
BRJ9,19:56:56,66.4200,1
BRJ9,19:57:01,67.0842,1
BRJ9,19:57:17,67.0842,3
BRJ9,19:57:17,67.0842,2
BRJ9,19:57:17,68.4126,1
BRJ9,19:57:17,65.0916,1
BRJ9,19:57:17,65.0818,1
BRJ9,19:57:20,69.0560,1
BRJ9,19:57:20,68.3920,1
BRJ9,19:57:20,64.4080,1
BRJ9,19:57:37,64.4080,2
BRJ9,19:57:37,67.0640,2
BRJ9,19:57:50,69.7200,1
BRJ9,19:58:12,69.7200,2
BRJ9,19:58:12,67.0741,2
BRJ9,19:58:31,63.7344,1
BRJ9,19:58:31,65.7162,1
BRJ9,19:58:31,63.0610,1
BRJ9,19:58:32,69.0248,1
BRJ9,19:58:32,63.7152,1
BRJ9,19:58:33,63.0515,3
BRJ9,19:58:33,65.7063,1
BRJ9,19:58:33,69.0248,2
BRJ9,19:58:33,63.0420,2
BRJ9,19:58:33,69.6780,2
BRJ9,19:58:33,69.0144,5
BRJ9,19:58:34,64.3595,5
BRJ9,19:58:36,65.6865,1
BRJ9,19:58:36,63.6960,2
BRJ9,19:58:36,63.0325,2
BRJ9,19:59:13,64.3692,1
BRJ9,19:59:38,63.0515,1
BRJ9,20:00:38,65.0230,1
BRJ9,20:00:49,67.0539,1
BRJ9,20:01:04,66.3900,1
BRJ9,20:01:06,68.3714,1
BRJ9,20:01:06,69.6990,1
BRJ9,20:04:34,65.0720,1
BRJ9,20:04:34,64.3983,1
BRJ9,20:04:34,69.0560,3
BRJ9,20:04:34,69.0560,7
BRJ9,20:04:38,64.3886,1
BRJ9,20:04:38,69.6990,10
BRJ9,20:05:52,65.0622,15
BRJ9,20:07:11,64.3983,2
BRJ9,20:07:34,69.0456,2
BRJ9,20:11:29,66.4400,5
BRJ9,20:11:29,66.4400,1
BRJ9,20:11:29,67.7688,4
BRJ9,20:11:36,65.0818,4
BRJ9,20:11:45,66.4300,1
BRJ9,20:12:05,66.4400,1
BRJ9,20:12:25,64.4468,1
BRJ9,20:12:25,66.4400,2
BRJ9,20:12:41,68.4126,10
BRJ9,20:12:41,65.7558,12
BRJ9,20:12:55,64.4274,12
BRJ9,20:17:11,67.0842,12
BRJ9,20:19:51,69.0664,12
BRJ9,20:24:16,63.1180,1
BRJ9,20:24:27,65.1112,6
BRJ9,20:24:28,69.1080,1
BRJ9,20:25:23,63.7920,3
BRJ9,20:25:23,67.1145,12
BRJ9,20:27:04,69.0872,12
BRJ9,20:29:07,63.0990,12
BRJ9,20:29:07,65.0916,8
BRJ9,20:29:07,65.0916,12
BRJ9,20:29:07,64.4177,12
BRJ9,20:29:14,66.4000,1
BRJ9,20:29:14,67.7280,1
BRJ9,20:29:14,69.0560,12
BRJ9,20:29:14,64.4080,4
BRJ9,20:29:14,67.7280,2
BRJ9,20:29:14,67.7280,6
BRJ9,20:29:32,63.7344,1
BRJ9,20:29:32,63.0705,9
BRJ9,20:29:32,68.3817,1
BRJ9,20:29:32,67.0539,12
BRJ9,20:29:32,63.0705,12
BRJ9,20:29:43,68.3920,1
BRJ9,20:29:47,65.7261,16
BRJ9,20:30:50,64.4274,12
BRJ9,20:31:14,68.4023,1
BRJ9,20:31:14,69.0664,4
BRJ9,20:31:15,67.0741,7
BRJ9,20:31:19,63.7536,1
BRJ9,20:31:43,65.7459,1
BRJ9,20:31:43,63.0895,11
BRJ9,20:33:12,69.0768,2
BRJ9,20:34:31,63.0800,1
BRJ9,20:35:21,66.4000,10
BRJ9,20:35:50,67.0438,1
BRJ9,20:36:16,65.7063,20
BRJ9,20:38:34,65.7261,52
BRJ9,20:38:34,65.7261,48
BRJ9,20:38:34,69.7200,1
BRJ9,20:41:45,65.7162,5
BRJ9,20:44:03,63.0610,5
BRJ9,20:44:36,69.6990,7
BRJ9,20:45:01,67.7076,1
BRJ9,20:45:01,65.0524,9
BRJ9,20:48:16,69.0352,1
BRJ9,20:48:28,63.7248,15
BRJ9,20:48:28,65.7162,15
BRJ9,20:50:35,65.7162,5
BRJ9,20:51:07,66.3800,15
BRJ9,20:51:08,67.7076,1
BRJ9,20:51:08,69.0352,4
BRJ9,20:52:00,65.0524,15
BRJ9,20:52:00,63.0610,15
BRJ9,20:52:09,63.7248,10
BRJ9,20:52:35,65.7162,1
BRJ9,20:52:39,69.0352,4
BRJ9,20:52:48,63.0610,1
BRJ9,20:52:49,66.3800,4
BRJ9,20:52:55,66.3800,44
BRJ9,20:56:47,63.7824,15
BRJ9,20:56:54,67.1246,15
BRJ9,20:56:54,69.1184,1
BRJ9,20:56:54,69.1288,5
BRJ9,20:56:54,68.4641,1
BRJ9,20:56:54,63.8112,1
BRJ9,20:56:54,65.8053,4
BRJ9,20:57:22,68.4847,9
BRJ9,20:57:22,67.1549,11
BRJ9,20:57:23,69.8250,10
BRJ9,20:57:32,65.8350,15
BRJ9,20:57:33,69.1704,1
BRJ9,20:57:33,64.5147,1
BRJ9,20:57:33,65.8449,15
BRJ9,20:57:33,66.5200,10
BRJ9,20:57:33,67.1852,5
BRJ9,20:57:33,63.1940,15
BRJ9,20:57:33,63.8592,4
BRJ9,20:57:33,63.1940,49
BRJ9,20:57:33,67.8504,1
BRJ9,20:57:35,63.8688,1
BRJ9,20:57:35,69.1912,5
BRJ9,20:57:35,63.2035,1
BRJ9,20:57:35,68.5362,10
BRJ9,20:57:39,63.8880,1
BRJ9,20:58:15,67.8504,1
BRJ9,20:58:47,64.5341,30
BRJ9,20:58:47,63.2035,1
BRJ9,20:58:57,63.2035,30
BRJ9,20:59:03,66.5400,13
BRJ9,20:59:09,67.8708,1
BRJ9,20:59:10,69.8775,30
BRJ9,20:59:10,67.2155,1
BRJ9,20:59:10,63.8880,30
BRJ9,20:59:22,63.8688,1
BRJ9,20:59:25,67.8606,1
BRJ9,20:59:26,67.8606,1
BRJ9,20:59:28,69.8565,1
BRJ9,20:59:34,69.8565,1
BRJ9,20:59:35,66.5400,19
BRJ9,21:01:51,68.5362,1
BRJ9,21:01:51,69.2016,1
BRJ9,21:01:53,66.5400,1
BRJ9,21:02:20,68.5259,4
BRJ9,21:02:23,65.2092,5
BRJ9,21:03:19,63.8688,1
BRJ9,21:03:39,63.1845,4
BRJ9,21:06:26,64.5050,1
BRJ9,21:06:26,67.8504,9
BRJ9,21:09:24,63.8400,2
BRJ9,21:09:24,66.4900,8
BRJ9,21:09:30,65.1602,2
BRJ9,21:10:14,67.8300,2
BRJ9,21:15:35,67.8606,3
BRJ9,21:16:22,65.2092,15
BRJ9,21:16:22,63.8784,4
BRJ9,21:17:12,64.5535,1
BRJ9,21:17:12,63.8976,50
BRJ9,21:17:12,63.2320,5
BRJ9,21:17:12,69.8880,1
BRJ9,21:17:22,66.5700,1
BRJ9,21:17:41,64.5535,3
BRJ9,21:18:08,63.2225,2
BRJ9,21:19:27,64.5632,5
BRJ9,21:19:27,63.2320,5
BRJ9,21:19:28,63.8976,5
BRJ9,21:19:30,63.2320,5
BRJ9,21:19:32,63.8976,5
BRJ9,21:19:36,66.5600,5
BRJ9,21:20:40,65.2190,11
BRJ9,21:23:10,67.2256,9
BRJ9,21:23:10,67.8912,10
BRJ9,21:23:34,67.8912,1
BRJ9,21:27:19,64.5438,1
BRJ9,21:29:57,63.2130,1
BRJ9,21:31:21,65.1798,2
BRJ9,21:32:01,67.8606,1
BRJ9,21:32:49,65.1994,1
BRJ9,21:32:49,65.1798,1
BRJ9,21:34:30,66.5000,1
BRJ9,21:34:30,65.1700,1
BRJ9,21:35:05,64.5050,1
BRJ9,21:40:59,67.8300,3
BRJ9,21:40:59,65.8251,3
BRJ9,21:41:09,63.8400,4
BRJ9,21:41:21,69.8250,1
BRJ9,21:43:52,67.8096,1
BRJ9,21:43:52,69.8040,1
BRJ9,21:43:57,66.4800,1
BRJ9,21:44:56,63.1655,1
BRJ9,21:48:38,69.7935,15
BRJ9,21:51:38,68.4435,15
BRJ9,21:51:38,63.1275,1
BRJ9,21:51:38,65.1210,4
BRJ9,21:51:48,66.4500,15
BRJ9,21:51:48,63.1275,15
BRJ9,21:51:48,67.7790,4
BRJ9,21:51:49,67.7790,15
BRJ9,21:51:49,63.1275,1
BRJ9,21:51:49,63.1275,100
BRJ9,21:51:49,65.1210,4
BRJ9,21:51:52,63.1275,26
BRJ9,21:53:48,65.8053,100
BRJ9,21:54:22,67.1347,100
BRJ9,21:54:52,69.7935,100
BRJ9,21:56:55,66.5100,1
BRJ9,21:56:55,68.5053,4
BRJ9,21:57:49,66.5100,1
BRJ9,21:57:49,65.8449,4
BRJ9,21:58:05,63.8400,3
BRJ9,22:00:00,63.8400,2
BRJ9,22:00:00,67.8300,8
BRJ9,22:01:30,69.8355,1
BRJ9,22:01:30,64.5147,3
BRJ9,22:01:43,65.8548,3
BRJ9,22:01:50,68.5156,3
BRJ9,22:02:07,65.1994,2
BRJ9,22:02:16,69.1912,1
BRJ9,22:12:05,68.5259,1
BRJ9,22:12:10,63.2035,1
BRJ9,22:22:24,66.5000,6
BRJ9,22:22:31,64.4953,5
BRJ9,22:22:31,65.8251,2
BRJ9,22:22:31,66.4700,1
BRJ9,22:27:18,65.8449,10
BRJ9,22:29:48,63.8400,10
BRJ9,22:38:11,67.1549,5
BRJ9,22:38:13,64.4953,5
BRJ9,22:42:53,69.1600,1
BRJ9,22:52:21,67.1549,6
BRJ9,22:53:34,64.4953,10
BRJ9,22:53:34,67.8096,5
BRJ9,22:53:34,68.4744,10
BRJ9,22:53:34,68.4744,2
BRJ9,22:53:34,66.4700,5
BRJ9,22:53:34,63.8112,8
BRJ9,22:55:27,65.8152,1
BRJ9,23:00:00,63.8208,5
BRJ9,23:00:40,63.8208,4
BRJ9,23:00:40,69.8040,1
BRJ9,23:04:13,65.1504,5
BRJ9,23:05:08,63.1560,11
BRJ9,23:09:24,67.8096,10
BRJ9,23:13:53,67.1448,3
BRJ9,23:31:06,63.1750,17
BRJ9,23:31:08,63.8304,5
BRJ9,23:38:04,69.8250,3
BRJ9,23:38:04,65.1700,7
BRJ9,23:38:05,67.8504,2
BRJ9,23:38:05,64.5341,1
BRJ9,23:38:05,66.5400,4
BRJ9,23:38:05,67.2054,3
BRJ9,23:40:48,65.8746,2
BRJ9,23:40:48,63.2130,4
BRJ9,23:40:48,66.5400,1
BRJ9,23:40:49,63.8784,6
BRJ9,23:40:55,68.5362,1
BRJ9,23:41:35,63.2225,4
BRJ9,23:41:35,63.2225,81
BRJ9,23:41:36,67.2054,2
BRJ9,23:43:08,65.8944,1
BRJ9,23:43:08,66.5600,1
BRJ9,23:43:08,69.8880,12
BRJ9,23:49:51,63.2130,1
BRJ9,10:00:19,67.8912,2
BRJ9,10:00:46,68.5259,2
BRJ9,10:00:46,68.5259,1
BRJ9,10:00:46,63.8592,2
BRJ9,10:00:46,67.1852,1
BRJ9,10:00:46,65.1896,4
BRJ9,10:00:46,69.8355,2
BRJ9,10:00:46,63.1845,1
BRJ9,10:00:46,67.8300,12
BRJ9,10:00:48,65.1896,2
BRJ9,10:01:04,68.5156,1
BRJ9,10:01:04,66.5200,1
BRJ9,10:01:04,65.1896,1
BRJ9,10:01:04,63.1940,2
BRJ9,10:01:24,65.8350,1
BRJ9,10:01:24,68.4950,1
BRJ9,10:01:44,66.5000,2
BRJ9,10:01:44,67.8300,2
BRJ9,10:01:44,69.1600,2
BRJ9,10:01:45,64.5050,4
BRJ9,10:01:46,69.8250,5
BRJ9,10:02:26,66.4900,1
BRJ9,10:02:30,63.1655,33
BRJ9,10:02:30,69.8040,2
BRJ9,10:02:30,69.8040,2
BRJ9,10:02:42,63.8208,2
BRJ9,10:02:42,63.8208,8
BRJ9,10:03:04,63.1655,2
BRJ9,10:03:04,69.1496,1
BRJ9,10:03:04,63.1655,1
BRJ9,10:03:08,64.4759,2
BRJ9,10:03:08,64.4759,1
BRJ9,10:03:08,69.7830,10
BRJ9,10:03:08,63.8016,1
BRJ9,10:03:08,63.1370,2
BRJ9,10:03:08,64.4565,6
BRJ9,10:03:09,63.8016,2
BRJ9,10:03:09,68.4538,1
BRJ9,10:03:09,69.1184,10
BRJ9,10:03:09,65.1210,10
BRJ9,10:03:09,64.4565,4
BRJ9,10:03:09,63.7920,20
BRJ9,10:03:09,69.1080,2
BRJ9,10:03:09,66.4500,1
BRJ9,10:03:09,63.1275,36
BRJ9,10:03:09,68.4538,1
BRJ9,10:03:09,64.4662,2
BRJ9,10:03:09,69.7725,1
BRJ9,10:03:11,67.1347,2
BRJ9,10:03:11,68.4641,1
BRJ9,10:03:15,66.4800,2
BRJ9,10:03:15,63.8208,1
BRJ9,10:03:15,63.8208,9
BRJ9,10:03:15,63.8304,9
BRJ9,10:03:15,67.1549,1
BRJ9,10:03:16,67.8198,1
BRJ9,10:03:19,63.8400,2
BRJ9,10:03:19,64.5050,10
BRJ9,10:03:19,67.8300,1
BRJ9,10:03:19,63.8496,2
BRJ9,10:03:19,63.8496,1
BRJ9,10:03:19,69.8355,10
BRJ9,10:03:19,64.5147,20
BRJ9,10:03:19,63.8592,2
BRJ9,10:03:19,67.1852,10
BRJ9,10:03:19,69.1808,1
BRJ9,10:03:19,69.1808,1
BRJ9,10:03:19,65.8548,15
BRJ9,10:03:21,68.4950,1
BRJ9,10:03:30,67.8402,2
BRJ9,10:03:30,65.8449,1
BRJ9,10:03:30,65.1700,2
BRJ9,10:03:36,65.1896,4
BRJ9,10:03:37,67.1751,2
BRJ9,10:03:37,68.5053,1
BRJ9,10:03:49,67.8300,1
BRJ9,10:03:49,66.5000,4
BRJ9,10:03:53,63.1940,6
BRJ9,10:03:53,68.5156,1
BRJ9,10:03:53,65.8548,1
BRJ9,10:04:20,65.8548,1
BRJ9,10:04:22,64.5244,2
BRJ9,10:04:22,63.8592,8
BRJ9,10:05:19,64.5050,1
BRJ9,10:06:18,64.5050,1
BRJ9,10:06:23,66.5000,10
BRJ9,10:06:33,67.8402,1
BRJ9,10:07:22,68.4950,1
BRJ9,10:07:22,67.1650,2
BRJ9,10:07:22,67.1650,2
BRJ9,10:08:14,63.8208,1
BRJ9,10:09:17,67.1549,2
BRJ9,10:09:17,67.8198,10
BRJ9,10:09:17,66.4900,1
BRJ9,10:09:17,67.8096,10
BRJ9,10:09:17,69.8040,2
BRJ9,10:09:17,63.8208,1
BRJ9,10:09:17,69.8040,4
BRJ9,10:09:40,65.8251,1
BRJ9,10:10:24,66.4900,2
BRJ9,10:10:29,67.8300,2
BRJ9,10:10:29,69.1600,1
BRJ9,10:10:29,65.8350,10
BRJ9,10:11:04,63.8496,1
BRJ9,10:11:04,64.5147,10
BRJ9,10:11:04,63.8496,2
BRJ9,10:11:30,65.1700,2
BRJ9,10:11:42,65.1798,5
BRJ9,10:11:45,67.8504,1
BRJ9,10:12:16,65.1798,20
BRJ9,10:12:20,65.8647,32
BRJ9,10:12:20,65.8647,1
BRJ9,10:12:24,63.2035,36
BRJ9,10:12:24,67.1953,6
BRJ9,10:12:24,67.8606,9
BRJ9,10:14:05,64.5050,1
BRJ9,10:14:10,67.8198,1
BRJ9,10:14:10,68.4847,4
BRJ9,10:15:00,66.5000,2
BRJ9,10:15:00,65.1700,4
BRJ9,10:15:00,67.1650,2
BRJ9,10:15:24,67.7994,3
BRJ9,10:15:37,64.4856,1
BRJ9,10:16:27,66.4900,1
BRJ9,10:16:33,63.8112,2
BRJ9,10:16:49,67.1448,1
BRJ9,10:18:41,65.8449,1
BRJ9,10:18:41,69.1808,2
BRJ9,10:18:41,65.1896,1
BRJ9,10:18:41,69.1808,22
BRJ9,10:18:41,65.8548,250
BRJ9,10:18:41,67.1852,39
BRJ9,10:18:42,69.8460,4
BRJ9,10:18:42,69.1808,25
BRJ9,10:18:44,63.8592,1
BRJ9,10:19:11,66.5200,13
BRJ9,10:19:11,69.1808,2
BRJ9,10:19:11,67.8504,39
BRJ9,10:19:11,65.8548,1
BRJ9,10:19:11,67.8504,2
BRJ9,10:19:11,64.5244,39
BRJ9,10:19:11,67.1852,1
BRJ9,10:19:11,63.1940,20
BRJ9,10:19:11,69.8460,39
BRJ9,10:19:11,67.1852,3
BRJ9,10:19:11,66.5200,1
BRJ9,10:19:11,66.5200,2
BRJ9,10:19:11,69.1808,1
BRJ9,10:19:48,65.2092,5
BRJ9,10:19:48,65.2092,3
BRJ9,10:19:48,67.8708,1
BRJ9,10:19:48,65.8746,5
BRJ9,10:19:48,69.2016,1
BRJ9,10:19:49,68.5362,4
BRJ9,10:19:53,65.2092,1
BRJ9,10:19:53,65.2092,1
BRJ9,10:19:53,66.5400,5
BRJ9,10:19:53,68.5362,1
BRJ9,10:19:53,65.2092,2
BRJ9,10:20:15,63.1940,1
BRJ9,10:20:15,68.5156,4
BRJ9,10:21:24,67.8606,2
BRJ9,10:21:24,63.2035,2
BRJ9,10:21:24,66.5300,4
BRJ9,10:21:24,65.1994,10
BRJ9,10:21:24,68.5259,4
BRJ9,10:23:20,63.1845,1
BRJ9,10:24:40,63.8496,1
BRJ9,10:27:15,65.8647,4
BRJ9,10:28:01,65.1896,1
BRJ9,10:28:01,65.8548,1
BRJ9,10:28:30,69.1912,4
BRJ9,10:30:11,67.8300,5
BRJ9,10:30:11,67.1650,2
BRJ9,10:30:11,69.1600,4
BRJ9,10:30:34,63.1750,2
BRJ9,10:30:34,67.1650,1
BRJ9,10:30:34,65.1700,10
BRJ9,10:30:34,69.1600,7
BRJ9,10:31:01,69.1600,2
BRJ9,10:31:01,65.8350,1
BRJ9,10:31:01,69.8250,2
BRJ9,10:31:10,64.4953,4
BRJ9,10:33:33,68.5053,1
BRJ9,10:33:37,64.4953,2
BRJ9,10:33:37,67.8198,10
BRJ9,10:33:37,67.8198,10
BRJ9,10:33:37,63.8304,4
BRJ9,10:33:37,65.8251,1
BRJ9,10:33:37,66.4900,16
BRJ9,10:33:37,64.5050,1
BRJ9,10:33:37,65.1700,1
BRJ9,10:34:41,63.1845,1
BRJ9,10:34:41,68.5053,2
BRJ9,10:37:17,67.1650,1
BRJ9,10:37:21,67.8198,2
BRJ9,10:37:21,69.1496,4
BRJ9,10:37:21,69.1392,4
BRJ9,10:38:44,63.8208,1
BRJ9,10:38:44,67.8096,4
BRJ9,10:38:44,66.4800,4
BRJ9,10:39:04,68.4641,1
BRJ9,10:39:04,67.7994,29
BRJ9,10:39:04,65.1406,4
BRJ9,10:39:38,68.4847,1
BRJ9,10:39:41,63.1560,4
BRJ9,10:39:50,67.1448,1
BRJ9,10:40:01,69.7830,2
BRJ9,10:40:01,63.8016,1
BRJ9,10:40:05,63.8016,1
BRJ9,10:40:05,67.7892,5
BRJ9,10:40:08,69.1184,12
BRJ9,10:40:08,63.1370,4
BRJ9,10:40:17,67.1347,2
BRJ9,10:40:17,65.8053,1
BRJ9,10:40:17,67.7994,4
BRJ9,10:40:21,67.7994,5
BRJ9,10:40:50,69.7725,1
BRJ9,10:40:57,63.1465,1
BRJ9,10:41:13,66.4500,12
BRJ9,10:41:13,67.7790,4
BRJ9,10:41:13,65.1210,1
BRJ9,10:41:34,67.0943,3
BRJ9,10:41:42,65.1014,1
BRJ9,10:42:08,67.7586,1
BRJ9,10:42:24,67.7586,75
BRJ9,10:42:24,63.7728,13
BRJ9,10:42:24,63.1085,4
BRJ9,10:42:24,63.1085,2
BRJ9,10:42:24,65.1014,1
BRJ9,10:42:24,64.4371,25
BRJ9,10:42:24,66.4300,2
BRJ9,10:42:24,68.4229,2
BRJ9,10:42:43,67.0842,11
BRJ9,10:42:51,68.4023,7
BRJ9,10:42:51,69.0664,1
BRJ9,10:42:51,67.7382,1
BRJ9,10:42:51,67.0741,4
BRJ9,10:43:28,63.1085,1
BRJ9,10:44:37,69.0976,1
BRJ9,10:45:25,65.0916,7
BRJ9,10:45:25,68.4126,4
BRJ9,10:45:25,68.4126,10
BRJ9,10:45:26,69.7305,1
BRJ9,10:45:26,63.7536,2
BRJ9,10:45:26,63.0895,7
BRJ9,10:45:54,69.0664,2
BRJ9,10:45:54,69.0768,1
BRJ9,10:46:00,64.4177,2
BRJ9,10:46:00,65.0818,10
BRJ9,10:46:00,63.7536,1
BRJ9,10:46:00,68.4023,14
BRJ9,10:46:04,63.7536,2
BRJ9,10:46:04,63.0895,1
BRJ9,10:46:05,65.0720,2
BRJ9,10:46:05,67.0640,2
BRJ9,10:46:05,68.3920,10
BRJ9,10:46:05,63.0800,10
BRJ9,10:46:13,65.0818,1
BRJ9,10:46:26,69.7515,2
BRJ9,10:46:26,66.4300,1
BRJ9,10:46:26,65.1014,10
BRJ9,10:47:08,65.7657,2
BRJ9,10:47:08,65.1014,1
BRJ9,10:47:08,67.0943,1
BRJ9,10:49:09,67.1145,1
BRJ9,10:49:09,64.4565,1
BRJ9,10:49:09,67.1145,100
BRJ9,10:50:49,69.7725,10
BRJ9,10:50:49,65.1308,7
BRJ9,10:50:49,65.1308,1
BRJ9,10:50:58,65.1406,7
BRJ9,10:50:58,67.7994,1
BRJ9,10:51:13,67.8198,20
BRJ9,10:51:13,65.8251,25
BRJ9,10:51:15,65.8251,2
BRJ9,10:51:15,69.1496,1
BRJ9,10:51:15,64.4953,7
BRJ9,10:51:56,65.8053,47
BRJ9,10:52:09,69.8145,1
BRJ9,10:52:09,67.1549,1
BRJ9,10:52:10,65.8350,5
BRJ9,10:52:31,64.5147,33
BRJ9,10:52:31,66.5100,1
BRJ9,10:52:31,63.1845,1
BRJ9,10:52:32,66.5100,1
BRJ9,10:52:35,67.1751,2
BRJ9,10:52:35,67.1751,1
BRJ9,10:52:35,69.1704,25
BRJ9,10:52:35,69.8355,2
BRJ9,10:52:35,65.1798,34
BRJ9,10:52:35,66.5100,1
BRJ9,10:52:35,67.1751,10
BRJ9,10:52:35,65.8449,13
BRJ9,10:52:35,63.1845,39
BRJ9,10:52:35,64.5147,37
BRJ9,10:52:40,65.1896,10
BRJ9,10:52:40,68.5156,13
BRJ9,10:52:40,69.1808,1
BRJ9,10:52:40,66.5200,40
BRJ9,10:52:40,69.1808,13
BRJ9,10:52:40,65.8548,43
BRJ9,10:52:40,66.5200,39
BRJ9,10:52:40,63.1940,20
BRJ9,10:52:41,68.5156,20
BRJ9,10:52:41,69.1808,25
BRJ9,10:52:42,69.8565,1
BRJ9,10:52:42,67.8606,1
BRJ9,10:52:59,68.5259,1
BRJ9,10:52:59,64.5341,1
BRJ9,10:53:06,66.5500,1
BRJ9,10:53:06,67.2155,10
BRJ9,10:53:06,69.8775,1
BRJ9,10:53:19,67.8912,10
BRJ9,10:53:19,68.5568,2
BRJ9,10:53:19,67.8912,1
BRJ9,10:53:19,69.2224,12
BRJ9,10:53:19,65.2288,1
BRJ9,10:53:20,65.2288,25
BRJ9,10:53:20,63.8976,36
BRJ9,10:53:20,63.2320,8
BRJ9,10:53:20,64.5632,20
BRJ9,10:53:20,67.8912,10
BRJ9,10:53:20,63.2320,4
BRJ9,10:53:20,63.8976,1
BRJ9,10:53:22,63.2320,10
BRJ9,10:53:22,68.5568,1
BRJ9,10:53:22,67.8912,25
BRJ9,10:53:22,64.5632,92
BRJ9,10:53:22,66.5600,39
BRJ9,10:53:22,65.8944,36
BRJ9,10:53:22,65.2288,2
BRJ9,10:53:22,64.5632,20
BRJ9,10:53:22,67.8912,1
BRJ9,10:53:22,63.2320,10
BRJ9,10:53:22,68.5568,39
BRJ9,10:53:22,67.2256,20
BRJ9,10:53:22,68.5568,25
BRJ9,10:53:22,63.8976,16
BRJ9,10:53:22,69.8880,1
BRJ9,10:53:22,66.5600,10
BRJ9,10:53:22,65.8944,4
BRJ9,10:53:22,67.2256,4
BRJ9,10:53:22,69.2224,6
BRJ9,10:53:23,69.8880,250
BRJ9,10:53:23,63.8976,1
BRJ9,10:53:23,63.2320,25
BRJ9,10:53:23,68.5568,2
BRJ9,10:53:23,69.8880,7
BRJ9,10:53:23,63.2130,2
BRJ9,10:53:43,66.5500,1
BRJ9,10:53:43,63.8880,1
BRJ9,10:53:43,67.2155,2
BRJ9,10:53:43,65.2190,1
BRJ9,10:53:43,63.2225,5
BRJ9,10:53:52,65.2288,10
BRJ9,10:53:53,65.8845,1
BRJ9,10:54:07,67.2054,10
BRJ9,10:54:07,63.2130,10
BRJ9,10:54:07,67.8708,1
BRJ9,10:54:07,63.2130,10
BRJ9,10:54:08,63.2130,10
BRJ9,10:54:23,69.8670,25
BRJ9,10:54:23,69.8670,136
BRJ9,10:54:23,67.2054,234
BRJ9,10:54:23,66.5400,10
BRJ9,10:54:23,68.5362,2
BRJ9,10:54:23,65.2092,20
BRJ9,10:54:23,68.5362,25
BRJ9,10:54:25,68.5362,25
BRJ9,10:54:25,66.5400,10
BRJ9,10:54:25,65.8647,10
BRJ9,10:54:25,69.1912,1
BRJ9,10:54:25,65.1994,2
BRJ9,10:55:09,66.5400,25
BRJ9,10:55:09,66.5400,1
BRJ9,10:55:09,67.2054,2
BRJ9,10:55:09,66.5400,10
BRJ9,10:55:09,63.8784,180
BRJ9,10:55:09,63.8784,4
BRJ9,10:55:09,68.5362,35
BRJ9,10:55:09,65.8746,36
BRJ9,10:55:09,64.5438,4
BRJ9,10:55:09,63.2130,35
BRJ9,10:55:09,64.5438,20
BRJ9,10:55:09,64.5438,5
BRJ9,10:55:09,64.5438,72
BRJ9,10:55:19,67.2054,98
BRJ9,10:55:22,63.2130,250
BRJ9,10:55:22,63.8784,2
BRJ9,10:55:22,65.2092,36
BRJ9,10:55:22,63.2130,1
BRJ9,10:55:22,65.8746,50
BRJ9,10:55:22,69.8670,32
BRJ9,10:55:22,69.2016,20
BRJ9,10:55:22,66.5400,39
BRJ9,10:55:22,66.5400,1
BRJ9,10:55:22,63.2130,2
BRJ9,10:55:22,64.5438,10
BRJ9,10:55:22,66.5400,2
BRJ9,10:55:23,68.5465,10
BRJ9,10:55:33,67.2256,1
BRJ9,10:55:35,64.5632,1
BRJ9,10:55:35,65.2288,10
BRJ9,10:55:43,65.2190,1
BRJ9,10:55:43,69.2120,1
BRJ9,10:55:53,65.8845,1
BRJ9,10:56:24,67.2054,4
BRJ9,10:56:59,65.8845,1
BRJ9,10:57:37,65.8845,4
BRJ9,10:57:37,65.8746,20
BRJ9,10:57:37,64.5438,4
BRJ9,10:57:37,63.2035,20
BRJ9,10:57:37,66.5300,11
BRJ9,10:57:37,64.5341,3
BRJ9,10:57:37,67.8606,1
BRJ9,10:57:37,67.8606,1
BRJ9,10:57:37,68.5259,2
BRJ9,10:57:37,69.8565,1
BRJ9,10:57:37,65.1994,2
BRJ9,10:57:37,67.1953,2
BRJ9,10:57:37,67.1953,1
BRJ9,10:57:37,63.8688,1
BRJ9,10:57:37,67.1953,2
BRJ9,10:57:37,67.1953,1
BRJ9,10:58:07,66.5700,1
BRJ9,10:58:12,66.5500,2
BRJ9,10:58:14,67.9014,2
BRJ9,10:58:14,63.2415,1
BRJ9,10:58:14,66.5700,7
BRJ9,10:58:19,66.5500,1
BRJ9,10:58:19,65.2386,1
BRJ9,10:58:22,69.2120,1
BRJ9,10:58:27,69.8775,2
BRJ9,10:58:27,63.8880,1
BRJ9,10:58:27,69.8775,1
BRJ9,10:58:28,64.5535,1
BRJ9,10:58:31,66.5500,31
BRJ9,10:59:53,65.2092,1
BRJ9,10:59:54,65.2092,1
BRJ9,11:00:00,63.2130,100
BRJ9,11:00:04,65.8647,2
BRJ9,11:00:04,66.5300,1
BRJ9,11:00:04,69.8565,7
BRJ9,11:00:18,65.1896,1
BRJ9,11:01:52,66.5100,1
BRJ9,11:01:58,63.2035,20
BRJ9,11:03:32,65.2386,33
BRJ9,11:03:33,63.2510,1
BRJ9,11:03:33,69.2432,1
BRJ9,11:03:35,63.2605,20
BRJ9,11:03:35,69.9195,3
BRJ9,11:03:36,67.2559,10
BRJ9,11:03:38,63.2605,2
BRJ9,11:03:38,66.5900,3
BRJ9,11:03:39,69.9195,1
BRJ9,11:03:40,66.5900,1
BRJ9,11:04:17,67.2357,2
BRJ9,11:04:17,67.9014,1
BRJ9,11:04:17,65.9142,10
BRJ9,11:04:17,69.2432,20
BRJ9,11:04:17,69.2536,1
BRJ9,11:04:17,65.9241,10
BRJ9,11:04:17,67.9218,11
BRJ9,11:04:17,66.5800,20
BRJ9,11:04:17,65.9241,8
BRJ9,11:04:17,69.2536,20
BRJ9,11:04:22,69.9090,1
BRJ9,11:04:27,66.5800,1
BRJ9,11:04:31,66.6000,4
BRJ9,11:04:31,63.2795,1
BRJ9,11:04:31,65.2778,1
BRJ9,11:04:31,67.9524,1
BRJ9,11:04:31,63.9552,1
BRJ9,11:04:31,65.9439,2
BRJ9,11:04:31,67.9422,8
BRJ9,11:04:31,68.6083,8
BRJ9,11:04:31,66.6100,1
BRJ9,11:04:31,65.9439,10
BRJ9,11:04:31,69.2848,9
BRJ9,11:04:31,68.6186,8
BRJ9,11:04:31,69.2848,1
BRJ9,11:04:31,69.9510,8
BRJ9,11:04:31,67.2862,14
BRJ9,11:04:32,63.2795,8
BRJ9,11:04:32,69.2744,2
BRJ9,11:04:32,63.2795,8
BRJ9,11:04:33,65.2680,1
BRJ9,11:04:40,65.9439,1
BRJ9,11:04:40,65.9439,2
BRJ9,11:04:40,63.2795,2
BRJ9,11:04:49,69.9615,1
BRJ9,11:04:59,63.9456,10
BRJ9,11:05:02,63.2890,1
BRJ9,11:05:02,67.9524,7
BRJ9,11:05:03,63.2795,10
BRJ9,11:05:17,66.6000,4
BRJ9,11:05:27,63.2795,1
BRJ9,11:05:28,64.5923,1
BRJ9,11:05:45,69.2640,7
BRJ9,11:05:45,69.9300,1
BRJ9,11:05:45,63.2795,7
BRJ9,11:05:45,65.2778,10
BRJ9,11:05:45,63.9456,1
BRJ9,11:05:45,63.2795,7
BRJ9,11:05:45,64.6117,12
BRJ9,11:06:47,67.9524,1
BRJ9,11:06:48,69.2744,1
BRJ9,11:06:49,69.9405,1
BRJ9,11:07:31,66.6100,1
BRJ9,11:08:13,69.9615,10
BRJ9,11:08:35,67.9524,2
BRJ9,11:08:35,67.9524,1
BRJ9,11:08:35,66.6200,7
BRJ9,11:08:49,68.6083,1
BRJ9,11:09:11,67.9422,1
BRJ9,11:09:26,68.6186,6
BRJ9,11:09:42,63.9456,2
BRJ9,11:09:42,65.2778,10
BRJ9,11:09:42,64.6117,1
BRJ9,11:09:45,65.2680,33
BRJ9,11:09:46,64.5923,1
BRJ9,11:09:46,63.2605,10
BRJ9,11:09:46,63.2605,2
BRJ9,11:09:46,67.9218,30
BRJ9,11:09:46,67.2660,1
BRJ9,11:09:54,67.9014,1
BRJ9,11:09:58,64.5923,2
BRJ9,11:10:09,64.6117,1
BRJ9,11:10:22,63.2795,1
BRJ9,11:10:47,65.9736,1
BRJ9,11:10:47,64.6408,10
BRJ9,11:10:47,66.6300,2
BRJ9,11:10:47,65.2974,10
BRJ9,11:10:47,67.9626,7
BRJ9,11:10:47,66.6300,6
BRJ9,11:10:47,67.9626,1
BRJ9,11:11:05,63.3175,5
BRJ9,11:11:06,64.6602,1
BRJ9,11:11:14,69.3160,1
BRJ9,11:11:14,67.3165,14
BRJ9,11:11:16,65.3072,1
BRJ9,11:11:20,69.9615,1
BRJ9,11:11:23,63.9840,2
BRJ9,11:11:23,65.9835,1
BRJ9,11:11:23,63.3175,1
BRJ9,11:11:25,67.9830,5
BRJ9,11:11:25,69.3056,1
BRJ9,11:11:29,68.6392,5
BRJ9,11:11:40,67.9626,2
BRJ9,11:11:40,65.2974,10
BRJ9,11:11:40,66.6300,8
BRJ9,11:11:40,69.2952,1
BRJ9,11:11:40,64.6311,100
BRJ9,11:11:40,65.9637,4
BRJ9,11:11:40,67.9524,2
BRJ9,11:11:40,69.2848,2
BRJ9,11:11:40,68.6186,1
BRJ9,11:11:41,69.2848,4
BRJ9,11:11:56,67.9626,2
BRJ9,11:12:00,63.2795,1
BRJ9,11:12:15,67.9218,1
BRJ9,11:12:28,65.2582,1
BRJ9,11:12:28,67.9218,1
BRJ9,11:12:28,64.5923,8
BRJ9,11:12:28,66.5900,1
BRJ9,11:12:28,67.9218,4
BRJ9,11:12:28,63.9264,20
BRJ9,11:12:28,63.9264,4
BRJ9,11:12:28,69.2432,2
BRJ9,11:12:28,69.9090,4
BRJ9,11:12:42,65.9241,10
BRJ9,11:12:43,63.2605,2
BRJ9,11:12:43,65.9241,1
BRJ9,11:12:44,65.9241,2
BRJ9,11:12:44,67.9218,5
BRJ9,11:12:54,65.9241,1
BRJ9,11:13:02,66.5800,1
BRJ9,11:13:23,68.5877,10
BRJ9,11:14:09,66.5800,2
BRJ9,11:14:09,68.5774,4
BRJ9,11:14:09,63.2510,19
BRJ9,11:14:09,63.2510,1
BRJ9,11:14:09,64.5826,2
BRJ9,11:14:09,69.2432,10
BRJ9,11:14:42,65.2288,4
BRJ9,11:14:42,69.8880,1
BRJ9,11:14:42,67.2256,2
BRJ9,11:14:42,66.5600,2
BRJ9,11:14:43,67.2256,2
BRJ9,11:14:43,67.8912,2
BRJ9,11:14:49,63.2415,10
BRJ9,11:14:49,67.9014,6
BRJ9,11:14:49,67.9014,2
BRJ9,11:14:49,63.2415,1
BRJ9,11:14:49,67.9116,6
BRJ9,11:15:01,69.8880,100
BRJ9,11:15:02,63.2225,1
BRJ9,11:15:02,69.2120,1
BRJ9,11:15:02,67.8810,5
BRJ9,11:15:02,69.2120,3
BRJ9,11:15:02,64.5535,39
BRJ9,11:15:02,67.8708,2
BRJ9,11:15:02,64.5438,5
BRJ9,11:15:02,69.8670,13
BRJ9,11:15:03,69.8880,3
BRJ9,11:15:03,65.2288,3
BRJ9,11:15:03,68.5568,3
BRJ9,11:15:03,68.5568,3
BRJ9,11:15:03,64.5632,3
BRJ9,11:15:03,65.8944,3
BRJ9,11:15:03,65.8944,3
BRJ9,11:15:03,63.2320,3
BRJ9,11:15:03,65.2288,3
BRJ9,11:15:03,69.8880,3
BRJ9,11:15:03,64.5632,3
BRJ9,11:15:03,63.2320,3
BRJ9,11:15:03,69.8880,3
BRJ9,11:15:03,67.2256,3
BRJ9,11:15:04,68.5671,10
BRJ9,11:15:17,63.9072,10
BRJ9,11:15:35,68.5671,10
BRJ9,11:15:54,66.5800,1
BRJ9,11:16:15,66.5900,1
BRJ9,11:17:01,67.2458,1
BRJ9,11:17:18,64.6020,5
BRJ9,11:17:18,63.2700,1
BRJ9,11:17:22,65.2680,10
BRJ9,11:17:22,64.6020,1
BRJ9,11:17:22,67.9218,10
BRJ9,11:17:22,67.9218,1
BRJ9,11:17:22,69.2536,2
BRJ9,11:17:22,66.5900,5
BRJ9,11:17:22,67.9218,6
BRJ9,11:17:22,69.2432,10
BRJ9,11:17:22,69.9090,6
BRJ9,11:17:22,63.9168,4
BRJ9,11:17:22,69.2432,2
BRJ9,11:17:22,69.9090,4
BRJ9,11:17:22,64.5826,3
BRJ9,11:17:22,65.2484,92
BRJ9,11:17:34,65.9043,6
BRJ9,11:17:44,68.5568,3
BRJ9,11:17:44,69.2224,5
BRJ9,11:17:44,67.8912,2
BRJ9,11:17:44,69.8880,3
BRJ9,11:17:55,69.8670,10
BRJ9,11:18:12,64.5729,10
BRJ9,11:18:13,68.5671,10
BRJ9,11:18:14,65.9043,1
BRJ9,11:18:59,67.2559,10
BRJ9,11:18:59,67.9218,2
BRJ9,11:18:59,63.9264,8
BRJ9,11:18:59,64.5923,8
BRJ9,11:18:59,68.5980,2
BRJ9,11:18:59,68.5980,8
BRJ9,11:18:59,68.5980,10
BRJ9,11:18:59,67.2660,8
BRJ9,11:18:59,67.2660,20
BRJ9,11:18:59,69.2744,1
BRJ9,11:18:59,65.2778,10
BRJ9,11:18:59,69.2744,20
BRJ9,11:18:59,69.9405,3
BRJ9,11:18:59,69.9195,2
BRJ9,11:18:59,65.9538,2
BRJ9,11:18:59,67.2862,4
BRJ9,11:19:01,63.9648,2
BRJ9,11:19:01,65.9538,2
BRJ9,11:19:01,64.6214,1
BRJ9,11:19:06,68.6392,1
BRJ9,11:19:07,66.6300,8
BRJ9,11:19:07,64.6311,2
BRJ9,11:19:07,66.6300,10
BRJ9,11:19:08,63.9840,1
BRJ9,11:19:08,63.9840,1
BRJ9,11:19:08,63.3175,2
BRJ9,11:19:15,63.3175,20
BRJ9,11:19:26,68.6186,4
BRJ9,11:19:26,66.6200,20
BRJ9,11:19:27,65.2778,20
BRJ9,11:20:24,66.6200,8
BRJ9,11:20:24,67.2862,2
BRJ9,11:20:27,67.9422,1
BRJ9,11:21:34,63.3175,34
BRJ9,11:21:45,69.9930,1
BRJ9,11:21:45,69.3264,1
BRJ9,11:21:45,63.3270,10
BRJ9,11:21:45,66.6600,1
BRJ9,11:21:45,64.6602,2
BRJ9,11:21:46,65.3366,3
BRJ9,11:21:53,69.3472,2
BRJ9,11:21:55,66.0132,1
BRJ9,11:21:59,69.9930,5
BRJ9,11:22:19,63.3270,1
BRJ9,11:22:49,66.6500,10
BRJ9,11:22:49,64.6505,5
BRJ9,11:22:49,65.3170,2
BRJ9,11:22:49,65.3170,8
BRJ9,11:22:50,68.6289,1
BRJ9,11:23:08,65.9736,10
BRJ9,11:23:22,63.9456,10
BRJ9,11:23:23,65.9439,3
BRJ9,11:23:34,63.9552,8
BRJ9,11:23:34,65.9538,2
BRJ9,11:23:34,64.6214,9
BRJ9,11:23:34,68.6186,10
BRJ9,11:23:35,65.9637,9
BRJ9,11:24:31,63.2985,2
BRJ9,11:24:31,67.2963,10
BRJ9,11:24:31,69.2952,10
BRJ9,11:25:00,67.2761,1
BRJ9,11:25:07,69.2744,7
BRJ9,11:25:07,69.2744,2
BRJ9,11:25:07,67.9422,1
BRJ9,11:25:53,63.9456,1
BRJ9,11:26:11,66.6300,2
BRJ9,11:26:11,67.3064,10
BRJ9,11:26:32,66.6100,5
BRJ9,11:26:40,66.6000,10
BRJ9,11:26:40,68.5980,34
BRJ9,11:26:40,67.9320,1
BRJ9,11:26:40,63.2700,4
BRJ9,11:26:40,68.5980,1
BRJ9,11:26:40,64.5923,4
BRJ9,11:26:41,69.2640,1
BRJ9,11:27:11,69.9510,6
BRJ9,11:27:16,68.5980,2
BRJ9,11:27:16,63.9360,8
BRJ9,11:27:16,64.6020,10
BRJ9,11:27:16,67.2660,11
BRJ9,11:27:16,68.5877,8
BRJ9,11:27:16,63.2605,2
BRJ9,11:27:16,67.9218,17
BRJ9,11:27:16,63.2605,53
BRJ9,11:27:16,67.2559,30
BRJ9,11:27:24,66.5800,2
BRJ9,11:27:24,69.2432,3
BRJ9,11:27:24,67.9116,3
BRJ9,11:28:04,65.9241,10
BRJ9,11:28:13,69.9300,8
BRJ9,11:28:13,64.6020,2
BRJ9,11:28:18,63.9456,8
BRJ9,11:28:18,63.9456,3
BRJ9,11:28:18,65.2778,89
BRJ9,11:28:18,63.9456,11
BRJ9,11:28:46,65.9637,10
BRJ9,11:28:46,64.6311,20
BRJ9,11:28:46,66.6300,2
BRJ9,11:28:46,65.3072,2
BRJ9,11:28:46,63.9744,20
BRJ9,11:28:47,63.3080,11
BRJ9,11:28:55,66.6100,8
BRJ9,11:28:55,64.6117,2
BRJ9,11:28:55,63.2795,10
BRJ9,11:28:55,64.6117,20
BRJ9,11:28:55,69.2744,8
BRJ9,11:28:55,65.2778,2
BRJ9,11:29:21,69.2536,10
BRJ9,11:29:21,69.2536,1
BRJ9,11:29:21,66.5900,20
BRJ9,11:29:23,69.2536,8
BRJ9,11:29:23,69.2536,2
BRJ9,11:29:23,67.2559,10
BRJ9,11:29:23,68.5877,10
BRJ9,11:29:29,67.9116,10
BRJ9,11:29:29,63.2510,5
BRJ9,11:29:29,69.2328,2
BRJ9,11:29:29,64.5729,8
BRJ9,11:29:31,67.9014,8
BRJ9,11:29:31,69.2328,10
BRJ9,11:29:31,67.2458,5
BRJ9,11:29:31,64.5826,2
BRJ9,11:29:31,63.9168,18
BRJ9,11:29:34,63.2320,10
BRJ9,11:29:34,67.2256,2
BRJ9,11:29:34,68.5568,8
BRJ9,11:29:34,64.5632,4
BRJ9,11:29:34,69.8775,2
BRJ9,11:29:35,63.2320,8
BRJ9,11:29:35,68.5568,2
BRJ9,11:29:35,69.2120,8
BRJ9,11:29:35,63.8880,8
BRJ9,11:29:35,67.8810,2
BRJ9,11:29:35,65.2190,10
BRJ9,11:29:35,64.5535,20
BRJ9,11:29:35,67.2155,10
BRJ9,11:29:35,63.2225,100
BRJ9,11:29:36,63.8880,8
BRJ9,11:29:36,65.8845,2
BRJ9,11:29:36,63.2225,2
BRJ9,11:29:38,64.5535,2
BRJ9,11:29:38,65.2190,8
BRJ9,11:29:44,63.2225,8
BRJ9,11:29:44,65.2190,2
BRJ9,11:29:44,65.8845,10
BRJ9,11:29:44,65.2190,9
BRJ9,11:29:44,69.2016,2
BRJ9,11:29:49,66.5500,8
BRJ9,11:29:49,63.8880,10
BRJ9,11:29:49,65.2190,2
BRJ9,11:29:56,63.2320,10
BRJ9,11:29:56,64.5632,8
BRJ9,11:29:59,67.2155,8
BRJ9,11:29:59,64.5535,2
BRJ9,11:29:59,63.8880,9
BRJ9,11:29:59,64.5535,10
BRJ9,11:29:59,63.8784,1
BRJ9,11:29:59,68.5465,1
BRJ9,11:30:03,68.5362,7
BRJ9,11:30:04,64.5535,8
BRJ9,11:30:04,63.8880,2
BRJ9,11:30:04,66.5500,10
BRJ9,11:30:09,67.2357,10
BRJ9,11:30:09,69.2328,9
BRJ9,11:30:09,68.5671,2
BRJ9,11:30:09,68.5671,9
BRJ9,11:30:09,63.2415,20
BRJ9,11:30:14,63.8880,9
BRJ9,11:30:14,63.8880,8
BRJ9,11:30:17,68.5362,3
BRJ9,11:30:18,67.8708,8
BRJ9,11:30:18,63.2130,9
BRJ9,11:30:18,66.5500,2
BRJ9,11:30:19,67.2155,9
BRJ9,11:30:19,65.2190,10
BRJ9,11:30:28,69.8670,8
BRJ9,11:30:28,65.8746,2
BRJ9,11:30:28,63.2130,10
BRJ9,11:30:28,66.5400,9
BRJ9,11:30:28,67.2054,20
BRJ9,11:30:28,63.2035,10
BRJ9,11:30:28,64.5341,1
BRJ9,11:30:28,63.2035,2
BRJ9,11:30:28,65.8647,10
BRJ9,11:30:28,63.2035,20
BRJ9,11:30:28,66.5300,9
BRJ9,11:30:28,67.8606,100
BRJ9,11:30:28,68.5259,20
BRJ9,11:30:28,63.8784,10
BRJ9,11:30:28,69.8670,20
BRJ9,11:30:30,63.2035,4
BRJ9,11:30:30,67.1953,1
BRJ9,11:30:38,69.8670,8
BRJ9,11:30:38,64.5438,2
BRJ9,11:30:38,67.8708,10
BRJ9,11:30:38,67.8708,9
BRJ9,11:30:38,65.8845,2
BRJ9,11:30:38,67.2155,1
BRJ9,11:30:42,64.5535,1
BRJ9,11:30:58,65.8746,9
BRJ9,11:30:58,65.1994,8
BRJ9,11:30:58,66.5300,10
BRJ9,11:30:58,69.8565,8
BRJ9,11:30:58,64.5341,1
BRJ9,11:30:58,64.5341,2
BRJ9,11:31:58,66.5500,1
BRJ9,11:31:59,64.5535,1
BRJ9,11:32:11,69.2224,2
BRJ9,11:32:11,67.8912,1
BRJ9,11:32:11,69.8880,3
BRJ9,11:32:11,65.8944,8
BRJ9,11:32:11,65.2288,9
BRJ9,11:32:11,69.2224,10
BRJ9,11:32:11,63.2415,1
BRJ9,11:32:11,67.2357,1
BRJ9,11:32:16,69.8880,8
BRJ9,11:32:16,65.2288,2
BRJ9,11:32:16,69.2224,9
BRJ9,11:32:16,64.5729,2
BRJ9,11:32:16,66.5700,7
BRJ9,11:32:43,64.5632,8
BRJ9,11:32:43,65.2190,8
BRJ9,11:32:43,64.5535,2
BRJ9,11:32:43,64.5535,10
BRJ9,11:32:43,66.5500,9
BRJ9,11:32:43,65.8746,10
BRJ9,11:32:43,65.8647,2
BRJ9,11:32:43,64.5341,8
BRJ9,11:32:43,64.5244,2
BRJ9,11:32:43,68.5156,3
BRJ9,11:32:43,65.1896,5
BRJ9,11:32:43,67.8606,2
BRJ9,11:32:43,63.2035,2
BRJ9,11:32:48,69.1704,1
BRJ9,11:32:48,69.1704,1
BRJ9,11:32:53,67.8402,2
BRJ9,11:32:53,67.8402,8
BRJ9,11:32:53,67.8402,8
BRJ9,11:33:04,65.8449,25
BRJ9,11:33:04,63.1845,52
BRJ9,11:33:04,69.1704,2
BRJ9,11:33:04,65.1798,8
BRJ9,11:33:21,68.5053,13
BRJ9,11:33:21,64.5147,2
BRJ9,11:33:21,68.5053,8
BRJ9,11:33:21,64.5050,1
BRJ9,11:33:21,63.8400,1
BRJ9,11:33:21,69.1600,1
BRJ9,11:33:21,63.8400,9
BRJ9,11:33:21,64.5050,10
BRJ9,11:33:21,65.1896,10
BRJ9,11:33:21,65.8548,2
BRJ9,11:33:21,65.1896,8
BRJ9,11:33:30,65.1798,8
BRJ9,11:33:30,68.5053,2
BRJ9,11:33:30,68.5053,7
BRJ9,11:33:30,65.8449,2
BRJ9,11:33:30,66.4900,1
BRJ9,11:33:30,67.8300,1
BRJ9,11:33:31,67.1751,1
BRJ9,11:33:31,66.4900,1
BRJ9,11:33:38,69.1392,5
BRJ9,11:33:43,67.8198,4
BRJ9,11:33:43,69.1496,1
BRJ9,11:33:43,65.8251,1
BRJ9,11:33:53,67.8300,9
BRJ9,11:33:54,66.5200,1
BRJ9,11:33:54,65.1896,8
BRJ9,11:33:54,66.5200,10
BRJ9,11:33:54,69.1808,2
BRJ9,11:34:36,67.1751,8
BRJ9,11:34:36,67.8402,2
BRJ9,11:34:36,68.4950,8
BRJ9,11:34:36,66.5000,2
BRJ9,11:34:39,67.8198,1
BRJ9,11:34:40,63.1655,1
BRJ9,11:34:48,65.8053,8
BRJ9,11:34:48,67.1347,2
BRJ9,11:34:48,68.4641,14
BRJ9,11:34:48,64.4759,1
BRJ9,11:34:48,64.4759,1
BRJ9,11:34:48,67.1347,1
BRJ9,11:35:00,63.8208,1
BRJ9,11:35:06,63.1465,2
BRJ9,11:35:36,67.1246,2
BRJ9,11:35:37,65.1210,1
BRJ9,11:35:37,69.7620,1
BRJ9,11:36:02,68.4538,1
BRJ9,11:36:23,69.1080,2
BRJ9,11:36:25,65.8053,10
BRJ9,11:36:25,67.7994,8
BRJ9,11:36:25,64.4759,2
BRJ9,11:36:25,63.8112,8
BRJ9,11:36:25,63.1465,20
BRJ9,11:36:25,68.4641,2
BRJ9,11:36:25,65.7954,1
BRJ9,11:36:38,63.1370,1
BRJ9,11:36:46,65.1504,1
BRJ9,11:36:48,66.4700,1
BRJ9,11:36:56,65.8251,4
BRJ9,11:37:15,69.8040,8
BRJ9,11:37:15,66.4800,2
BRJ9,11:37:18,65.8152,4
BRJ9,11:37:57,63.1750,1
BRJ9,11:38:31,65.1504,20
BRJ9,11:38:31,69.8040,1
BRJ9,11:38:42,66.4900,9
BRJ9,11:38:42,64.4953,8
BRJ9,11:38:42,63.8304,2
BRJ9,11:38:42,65.8251,10
BRJ9,11:38:42,63.8304,100
BRJ9,11:38:42,65.8350,7
BRJ9,11:38:42,68.4950,1
BRJ9,11:38:42,67.8300,8
BRJ9,11:38:42,69.1600,2
BRJ9,11:38:42,67.8300,10
BRJ9,11:38:42,66.5000,20
BRJ9,11:38:42,65.8449,5
BRJ9,11:38:42,66.5100,2
BRJ9,11:38:42,64.5050,4
BRJ9,11:38:42,67.1650,6
BRJ9,11:38:49,65.1700,1
BRJ9,11:39:13,66.4900,4
BRJ9,11:39:25,68.4950,2
BRJ9,11:39:47,63.1750,1
BRJ9,11:39:52,63.1560,20
BRJ9,11:39:52,66.4800,2
BRJ9,11:39:52,65.1504,10
BRJ9,11:39:52,67.7994,8
BRJ9,11:39:52,68.4641,10
BRJ9,11:39:52,69.7935,2
BRJ9,11:39:52,69.1288,20
BRJ9,11:39:52,67.7892,7
BRJ9,11:39:52,65.7954,2
BRJ9,11:39:52,65.7954,10
BRJ9,11:39:52,67.1246,20
BRJ9,11:39:52,69.7830,11
BRJ9,11:39:52,63.1370,7
BRJ9,11:39:52,69.1184,3
BRJ9,11:39:52,69.7830,2
BRJ9,11:39:52,66.4700,20
BRJ9,11:40:41,68.4641,3
BRJ9,11:41:45,67.8096,4
BRJ9,11:42:20,65.1406,10
BRJ9,11:42:49,67.7892,20
BRJ9,11:42:59,65.1308,2
BRJ9,11:42:59,68.4435,11
BRJ9,11:42:59,63.7920,2
BRJ9,11:42:59,66.4400,8
BRJ9,11:43:00,65.7756,1
BRJ9,11:43:33,65.1112,20
BRJ9,11:43:49,67.1044,8
BRJ9,11:43:57,67.0943,8
BRJ9,11:43:57,68.4229,2
BRJ9,11:44:18,65.7954,5
BRJ9,11:45:43,63.8208,5
BRJ9,11:45:43,67.7994,10
BRJ9,11:45:47,65.1602,1
BRJ9,11:46:01,69.8145,8
BRJ9,11:46:01,65.1602,2
BRJ9,11:46:01,69.1496,40
BRJ9,11:47:04,67.7790,1
BRJ9,11:48:13,69.7620,8
BRJ9,11:48:26,63.1085,1
BRJ9,11:48:26,65.7657,7
BRJ9,11:49:12,68.4229,1
BRJ9,11:50:00,68.4435,1
BRJ9,11:50:16,65.7954,1
BRJ9,11:50:16,65.8053,1
BRJ9,11:50:25,68.4641,1
BRJ9,11:50:49,66.4900,8
BRJ9,11:50:49,67.1549,2
BRJ9,11:50:53,69.1496,2
BRJ9,11:51:31,64.5244,77
BRJ9,11:51:32,69.1912,2
BRJ9,11:52:26,67.8096,1
BRJ9,11:52:42,68.4538,8
BRJ9,11:52:42,67.1145,8
BRJ9,11:52:42,67.1145,2
BRJ9,11:52:42,66.4500,10
BRJ9,11:52:42,69.7725,20
BRJ9,11:52:42,64.4565,14
BRJ9,11:52:42,64.4565,9
BRJ9,11:52:42,67.7790,2
BRJ9,11:52:42,67.1145,4
BRJ9,11:52:42,63.7920,4
BRJ9,11:52:42,66.4600,8
BRJ9,11:53:02,67.8096,8
BRJ9,11:53:02,63.8208,2
BRJ9,11:53:02,67.8096,20
BRJ9,11:53:34,67.7994,1
BRJ9,11:53:41,68.4641,1
BRJ9,11:54:00,63.7920,10
BRJ9,11:54:05,69.0768,1
BRJ9,11:54:15,65.0818,1
BRJ9,11:54:19,68.4023,5
BRJ9,11:54:28,69.0664,1
BRJ9,11:54:44,67.0741,8
BRJ9,11:54:44,63.0800,20
BRJ9,11:54:44,66.4000,1
BRJ9,11:54:44,65.0720,1
BRJ9,11:54:45,65.7360,1
BRJ9,11:54:45,64.4080,13
BRJ9,11:54:45,63.0800,4
BRJ9,11:54:47,68.3920,6
BRJ9,11:54:47,66.4000,5
BRJ9,11:54:49,65.0622,10
BRJ9,11:54:49,63.7344,1
BRJ9,11:54:51,64.3886,2
BRJ9,11:54:53,68.3817,3
BRJ9,11:54:55,67.0539,47
BRJ9,11:54:55,69.0456,2
BRJ9,11:54:56,67.0438,1
BRJ9,11:56:00,64.4177,1
BRJ9,11:56:04,65.0622,1
BRJ9,11:56:10,67.0438,1
BRJ9,11:56:26,64.4080,1
BRJ9,11:56:28,63.0705,2
BRJ9,11:56:28,65.0622,12
BRJ9,11:56:28,69.0352,6
BRJ9,11:56:28,64.3886,20
BRJ9,11:56:28,69.6990,6
BRJ9,11:56:28,69.6990,2
BRJ9,11:56:28,69.6990,2
BRJ9,11:56:28,65.0524,2
BRJ9,11:56:28,63.7248,2
BRJ9,11:56:29,65.7162,4
BRJ9,11:56:32,63.0515,5
BRJ9,11:56:32,68.3611,3
BRJ9,11:56:32,69.0248,11
BRJ9,11:56:34,63.7056,1
BRJ9,11:56:34,69.0144,1
BRJ9,11:56:34,69.6780,1
BRJ9,11:56:35,69.6675,3
BRJ9,11:56:35,63.6864,1
BRJ9,11:56:36,66.3400,9
BRJ9,11:56:36,68.9936,1
BRJ9,11:56:47,67.0135,1
BRJ9,11:56:52,65.6667,1
BRJ9,11:56:52,65.0034,2
BRJ9,11:57:00,64.3401,1
BRJ9,11:57:15,68.3199,5
BRJ9,11:57:26,65.6568,10
BRJ9,11:57:26,68.9728,2
BRJ9,11:57:30,63.0230,1
BRJ9,11:57:32,68.9936,9
BRJ9,11:57:32,68.3302,2
BRJ9,11:57:32,69.6570,8
BRJ9,11:57:32,65.6865,8
BRJ9,11:57:32,68.3405,10
BRJ9,11:57:32,68.3405,2
BRJ9,11:57:32,65.6865,11
BRJ9,11:57:32,65.6865,11
BRJ9,11:57:32,63.6960,1
BRJ9,11:57:32,67.0135,100
BRJ9,11:57:32,65.6964,10
BRJ9,11:57:32,63.7056,10
BRJ9,11:57:32,63.0420,2
BRJ9,11:57:32,69.6780,20
BRJ9,11:57:32,63.0515,20
BRJ9,11:57:32,69.6885,16
BRJ9,11:57:32,63.6864,2
BRJ9,11:57:33,65.0132,20
BRJ9,11:57:36,69.6570,1
BRJ9,11:57:37,68.3199,2
BRJ9,11:57:37,63.6672,7
BRJ9,11:57:40,64.3595,1
BRJ9,11:57:42,65.0230,1
BRJ9,11:57:42,63.6960,1
BRJ9,11:57:42,69.6675,8
BRJ9,11:57:43,65.0230,11
BRJ9,11:57:43,68.9936,5
BRJ9,11:58:02,67.0236,2
BRJ9,11:58:02,66.3800,3
BRJ9,11:58:02,69.0352,10
BRJ9,11:58:05,63.7440,10
BRJ9,11:58:05,66.4000,8
BRJ9,11:58:05,68.3920,2
BRJ9,11:58:05,66.4000,10
BRJ9,11:58:05,67.7382,2
BRJ9,11:58:17,65.7162,1
BRJ9,11:58:18,63.7248,1
BRJ9,11:59:40,63.7728,1
BRJ9,12:00:00,66.4300,100
BRJ9,12:00:01,69.7725,5
BRJ9,12:00:01,69.1080,5
BRJ9,12:00:04,68.4538,2
BRJ9,12:00:04,69.7830,3
BRJ9,12:00:05,64.4856,1
BRJ9,12:00:11,65.8350,3
BRJ9,12:00:18,63.8496,1
BRJ9,12:00:29,67.1549,1
BRJ9,12:00:29,67.8096,1
BRJ9,12:00:30,67.1448,1
BRJ9,12:00:30,65.1406,1
BRJ9,12:00:59,65.1308,2
BRJ9,12:01:20,66.4500,2
BRJ9,12:01:41,68.4332,20
BRJ9,12:01:52,68.4229,2
BRJ9,12:02:01,63.1085,1
BRJ9,12:02:03,69.7515,1
BRJ9,12:03:00,65.7459,1
BRJ9,12:03:46,64.4177,1
BRJ9,12:05:04,65.1210,1
BRJ9,12:05:04,69.1080,1
BRJ9,12:05:04,63.7920,1
BRJ9,12:05:09,64.4565,1
BRJ9,12:05:23,67.1145,1
BRJ9,12:07:07,69.0248,1
BRJ9,12:07:13,67.6872,2
BRJ9,12:07:22,65.6964,1
BRJ9,12:07:28,65.0230,10
BRJ9,12:07:28,63.0325,1
BRJ9,12:07:28,69.6675,1
BRJ9,12:07:31,65.0132,4
BRJ9,12:07:36,68.3096,1
BRJ9,12:07:37,65.6469,1
BRJ9,12:07:37,66.9731,10
BRJ9,12:07:37,69.6255,1
BRJ9,12:07:41,66.3000,1
BRJ9,12:07:41,65.6370,1
BRJ9,12:07:41,64.9740,8
BRJ9,12:07:41,67.6362,1
BRJ9,12:07:47,65.6469,1
BRJ9,12:07:47,67.6362,1
BRJ9,12:07:50,68.2890,5
BRJ9,12:07:52,68.9416,10
BRJ9,12:07:53,63.6384,8
BRJ9,12:07:53,64.3013,2
BRJ9,12:07:53,65.6271,5
BRJ9,12:07:53,66.9529,10
BRJ9,12:08:05,64.9740,2
BRJ9,12:08:05,66.9529,8
BRJ9,12:08:05,62.9945,1
BRJ9,12:08:19,66.2900,6
BRJ9,12:08:45,67.6158,5
BRJ9,12:08:50,65.6172,2
BRJ9,12:09:01,64.2819,1
BRJ9,12:09:01,69.5835,2
BRJ9,12:09:01,68.9208,2
BRJ9,12:09:01,65.6073,1
BRJ9,12:09:05,68.2478,1
BRJ9,12:09:05,63.6096,1
BRJ9,12:09:05,65.5974,2
BRJ9,12:09:05,64.9348,1
BRJ9,12:09:15,62.9565,2
BRJ9,12:09:24,64.3110,10
BRJ9,12:09:52,63.6576,1
BRJ9,12:09:55,63.6480,5
BRJ9,12:10:03,65.6370,10
BRJ9,12:10:03,64.9740,4
BRJ9,12:10:03,66.9630,10
BRJ9,12:10:03,68.9520,1
BRJ9,12:10:03,66.3000,19
BRJ9,12:10:22,63.0040,5
BRJ9,12:10:27,66.9731,4
BRJ9,12:10:30,66.9832,8
BRJ9,12:10:30,63.0040,10
BRJ9,12:10:30,68.9728,2
BRJ9,12:10:30,64.9936,4
BRJ9,12:10:30,67.6464,10
BRJ9,12:10:30,66.9832,4
BRJ9,12:10:30,67.6566,10
BRJ9,12:10:30,63.6768,2
BRJ9,12:10:38,68.3199,1
BRJ9,12:10:39,65.0034,1
BRJ9,12:10:39,65.6667,1
BRJ9,12:10:42,66.3200,10
BRJ9,12:10:46,67.6464,8
BRJ9,12:10:46,64.3304,11
BRJ9,12:10:46,64.3304,10
BRJ9,12:10:46,69.6360,2
BRJ9,12:10:46,65.6568,100
BRJ9,12:10:46,65.6568,4
BRJ9,12:10:46,67.6566,15
BRJ9,12:10:50,64.3401,100
BRJ9,12:10:50,67.0034,8
BRJ9,12:10:50,63.0230,10
BRJ9,12:10:50,64.3498,1
BRJ9,12:10:50,68.9936,13
BRJ9,12:10:50,64.3498,1
BRJ9,12:10:50,68.3302,11
BRJ9,12:10:50,67.0034,156
BRJ9,12:10:50,67.0034,31
BRJ9,12:10:50,68.3302,20
BRJ9,12:10:50,67.6668,2
BRJ9,12:10:50,68.3302,8
BRJ9,12:10:50,68.9936,25
BRJ9,12:10:50,68.3302,2
BRJ9,12:10:50,67.6668,56
BRJ9,12:10:57,69.6780,8
BRJ9,12:10:57,64.3692,2
BRJ9,12:10:58,65.7063,4
BRJ9,12:10:58,66.3700,6
BRJ9,12:10:59,65.0328,3
BRJ9,12:10:59,68.3611,1
BRJ9,12:11:02,64.3498,1
BRJ9,12:11:06,66.3500,20
BRJ9,12:11:16,68.3302,9
BRJ9,12:11:20,69.0040,2
BRJ9,12:11:21,66.3300,1
BRJ9,12:11:48,68.9832,1
BRJ9,12:11:51,65.6568,1
BRJ9,12:12:00,63.0135,3
BRJ9,12:12:04,67.6668,36
BRJ9,12:12:04,68.9936,55
BRJ9,12:12:04,65.6766,8
BRJ9,12:12:04,65.6766,1
BRJ9,12:12:05,69.6675,1
BRJ9,12:12:10,65.0132,1
BRJ9,12:12:12,66.3400,29
BRJ9,12:12:19,68.3199,1
BRJ9,12:12:20,63.0040,10
BRJ9,12:12:26,66.3100,1
BRJ9,12:12:31,64.9838,10
BRJ9,12:13:00,63.6672,8
BRJ9,12:13:03,69.6255,20
BRJ9,12:13:18,64.3110,6
BRJ9,12:13:23,66.9630,1
BRJ9,12:13:33,67.6362,8
BRJ9,12:13:33,67.6362,2
BRJ9,12:13:33,69.6255,10
BRJ9,12:13:33,66.9731,4
BRJ9,12:13:33,64.3207,16
BRJ9,12:13:46,62.9945,12
BRJ9,12:13:51,68.3199,1
BRJ9,12:13:51,63.6768,1
BRJ9,12:13:51,68.9832,4
BRJ9,12:13:58,68.3096,3
BRJ9,12:14:13,68.3199,1
BRJ9,12:14:26,68.9832,4
BRJ9,12:14:27,68.9936,1
BRJ9,12:14:27,63.0230,4
BRJ9,12:14:29,65.6667,10
BRJ9,12:14:39,65.0132,1
BRJ9,12:14:45,66.3200,1
BRJ9,12:14:46,68.3096,9
BRJ9,12:14:56,68.9624,10
BRJ9,12:14:56,66.9630,1
BRJ9,12:14:59,62.9660,1
BRJ9,12:15:00,66.9529,8
BRJ9,12:15:00,66.2900,10
BRJ9,12:15:00,64.3013,11
BRJ9,12:15:01,62.9660,1
BRJ9,12:15:01,64.2916,8
BRJ9,12:15:11,64.9544,1
BRJ9,12:16:23,65.6370,11
BRJ9,12:16:23,69.6150,10
BRJ9,12:16:23,64.3013,10
BRJ9,12:16:23,65.6271,10
BRJ9,12:16:32,68.9520,1
BRJ9,12:16:45,67.6260,9
BRJ9,12:16:50,67.6362,3
BRJ9,12:17:05,63.6480,1
BRJ9,12:17:11,66.9630,3
BRJ9,12:17:14,69.6045,20
BRJ9,12:17:49,65.6271,1
BRJ9,12:18:54,64.9936,10
BRJ9,12:18:54,69.6360,20
BRJ9,12:19:31,65.0132,1
BRJ9,12:20:05,68.9936,1
BRJ9,12:20:51,68.2993,4
BRJ9,12:20:53,66.9630,1
BRJ9,12:21:54,66.9529,10
BRJ9,12:21:59,66.9529,2
BRJ9,12:22:06,66.9630,1
BRJ9,12:22:13,68.2787,1
BRJ9,12:22:18,62.9945,10
BRJ9,12:22:35,67.6362,20
BRJ9,12:22:35,66.9630,1
BRJ9,12:22:35,64.9740,2
BRJ9,12:22:38,66.9731,5
BRJ9,12:23:22,67.0135,2
BRJ9,12:23:22,69.0040,2
BRJ9,12:23:22,69.6675,8
BRJ9,12:23:22,66.3500,10
BRJ9,12:23:22,69.6675,8
BRJ9,12:23:22,65.0230,20
BRJ9,12:24:52,63.0135,1
BRJ9,12:24:52,65.6568,1
BRJ9,12:24:54,63.0040,8
BRJ9,12:24:54,64.3304,2
BRJ9,12:24:54,67.6464,10
BRJ9,12:25:20,67.0135,1
BRJ9,12:25:20,67.0135,1
BRJ9,12:25:20,64.3595,1
BRJ9,12:25:22,69.6780,1
BRJ9,12:25:41,67.7076,1
BRJ9,12:26:13,65.0426,1
BRJ9,12:26:34,69.0248,1
BRJ9,12:26:44,69.0144,1
BRJ9,12:26:44,64.3692,7
BRJ9,12:26:50,64.3692,1
BRJ9,12:27:25,69.6675,1
BRJ9,12:27:25,69.6675,1
BRJ9,12:27:30,65.0132,1
BRJ9,12:27:39,66.9933,1
BRJ9,12:27:42,65.6667,1
BRJ9,12:28:14,64.9936,1
BRJ9,12:29:39,65.6865,5
BRJ9,12:29:57,66.3300,5
BRJ9,12:29:57,68.3199,5
BRJ9,12:30:15,65.6469,5
BRJ9,12:30:15,66.9731,5
BRJ9,12:30:15,62.9945,4
BRJ9,12:31:01,64.3110,1
BRJ9,12:31:01,64.9740,25
BRJ9,12:31:01,68.2787,2
BRJ9,12:31:17,65.6370,1
BRJ9,12:31:26,66.9832,7
BRJ9,12:31:31,65.6865,20
BRJ9,12:32:05,66.3700,5
BRJ9,12:32:06,68.3508,8
BRJ9,12:32:06,63.0420,2
BRJ9,12:32:06,65.0328,8
BRJ9,12:32:06,67.0236,100
BRJ9,12:32:06,67.6770,2
BRJ9,12:32:19,63.7152,8
BRJ9,12:32:19,69.0248,2
BRJ9,12:32:19,66.3700,3
BRJ9,12:32:34,63.0230,2
BRJ9,12:33:12,68.2890,5
BRJ9,12:33:15,64.3013,7
BRJ9,12:33:15,63.6384,8
BRJ9,12:33:15,64.9642,2
BRJ9,12:33:15,67.6158,7
BRJ9,12:33:15,66.9428,7
BRJ9,12:33:20,69.5835,1
BRJ9,12:33:20,63.6192,3
BRJ9,12:33:20,64.9446,1
BRJ9,12:34:14,67.6260,6
BRJ9,12:34:36,66.9933,3
BRJ9,12:34:40,69.6360,1
BRJ9,12:36:20,65.6766,2
BRJ9,12:36:20,68.9936,10
BRJ9,12:36:20,69.6675,5
BRJ9,12:38:25,63.0325,2
BRJ9,12:38:29,69.0040,32
BRJ9,12:38:36,67.0236,1
BRJ9,12:38:56,69.0248,1
BRJ9,12:39:02,69.0352,1
BRJ9,12:39:14,67.0236,5
BRJ9,12:40:00,63.0515,1
BRJ9,12:40:01,64.3886,1
BRJ9,12:40:01,66.3800,1
BRJ9,12:40:20,69.0248,1
BRJ9,12:40:54,69.0248,20
BRJ9,12:41:13,69.6885,10
BRJ9,12:41:54,64.3595,1
BRJ9,12:42:16,66.3500,1
BRJ9,12:42:35,64.3401,3
BRJ9,12:42:54,65.0230,1
BRJ9,12:43:47,66.3900,10
BRJ9,12:43:47,69.0560,1
BRJ9,12:43:48,69.0560,10
BRJ9,12:43:49,68.4023,1
BRJ9,12:43:49,65.0818,22
BRJ9,12:43:49,68.4023,39
BRJ9,12:43:49,64.4177,25
BRJ9,12:44:41,65.7360,1
BRJ9,12:44:41,69.0664,12
BRJ9,12:44:41,64.4177,10
BRJ9,12:45:09,67.7382,1
BRJ9,12:45:16,63.0990,13
BRJ9,12:45:16,67.0842,10
BRJ9,12:45:16,63.7632,1
BRJ9,12:45:16,67.0741,25
BRJ9,12:45:16,69.7305,2
BRJ9,12:45:53,64.4274,1
BRJ9,12:45:54,68.4023,1
BRJ9,12:45:58,69.0768,1
BRJ9,12:45:58,66.4100,2
BRJ9,12:46:01,67.7382,50
BRJ9,12:46:01,67.7382,20
BRJ9,12:46:15,67.0741,1
BRJ9,12:46:19,65.7558,10
BRJ9,12:46:19,63.7632,2
BRJ9,12:46:19,66.4200,1
BRJ9,12:46:19,67.7586,10
BRJ9,12:46:54,67.7688,10
BRJ9,12:47:01,69.7515,5
BRJ9,12:47:14,63.1275,1
BRJ9,12:47:14,65.1210,10
BRJ9,12:47:15,63.8016,11
BRJ9,12:47:15,69.1184,30
BRJ9,12:47:15,64.4662,9
BRJ9,12:47:15,69.7830,1
BRJ9,12:47:22,63.8112,20
BRJ9,12:47:22,67.1347,2
BRJ9,12:47:22,65.1406,13
BRJ9,12:47:23,65.1406,8
BRJ9,12:47:23,67.1347,2
BRJ9,12:47:23,69.7935,5
BRJ9,12:47:26,67.1448,1
BRJ9,12:47:26,64.4856,1
BRJ9,12:47:36,69.7935,25
BRJ9,12:47:52,67.8096,1
BRJ9,12:47:53,69.1288,1
BRJ9,12:48:00,63.1560,2
BRJ9,12:48:06,66.4600,10
BRJ9,12:48:06,68.4538,16
BRJ9,12:48:06,64.4662,5
BRJ9,12:48:06,67.1246,100
BRJ9,12:48:06,63.7920,10
BRJ9,12:48:06,63.7920,20
BRJ9,12:48:06,65.7855,5
BRJ9,12:48:06,63.1275,5
BRJ9,12:48:06,66.4500,10
BRJ9,12:48:06,65.1210,7
BRJ9,12:48:06,69.7725,17
BRJ9,12:48:06,65.7756,10
BRJ9,12:48:06,69.0976,20
BRJ9,12:48:06,67.7688,15
BRJ9,12:48:06,67.1145,2
BRJ9,12:48:06,69.1080,8
BRJ9,12:48:06,67.1145,10
BRJ9,12:48:06,63.7920,9
BRJ9,12:48:06,63.7920,7
BRJ9,12:48:06,67.7790,17
BRJ9,12:48:06,65.1112,2
BRJ9,12:48:06,69.7515,8
BRJ9,12:48:06,67.0943,4
BRJ9,12:48:06,67.1044,10
BRJ9,12:48:06,64.4468,20
BRJ9,12:48:06,69.0976,8
BRJ9,12:48:07,68.4332,47
BRJ9,12:48:15,63.7824,10
BRJ9,12:48:20,68.4435,2
BRJ9,12:48:20,69.1080,8
BRJ9,12:48:31,68.4538,63
BRJ9,12:48:31,68.4538,30
BRJ9,12:48:39,65.8152,10
BRJ9,12:48:39,65.1504,1
BRJ9,12:49:03,67.1448,2
BRJ9,12:49:14,67.1347,2
BRJ9,12:49:31,67.1246,5
BRJ9,12:49:51,67.1246,40
BRJ9,12:50:09,69.7725,2
BRJ9,12:50:09,66.4500,3
BRJ9,12:50:09,65.7855,5
BRJ9,12:50:09,69.1080,5
BRJ9,12:50:09,67.7790,24
BRJ9,12:50:09,69.1080,20
BRJ9,12:50:09,63.7920,2
BRJ9,12:50:09,64.4565,10
BRJ9,12:50:09,69.1080,39
BRJ9,12:50:37,65.7954,3
BRJ9,12:51:00,67.1145,5
BRJ9,12:51:01,68.4332,5
BRJ9,12:51:03,65.7657,8
BRJ9,12:51:03,65.1014,2
BRJ9,12:51:03,69.7515,10
BRJ9,12:51:03,68.4229,5
BRJ9,12:51:03,69.0768,2
BRJ9,12:51:03,63.7632,8
BRJ9,12:51:03,65.7558,10
BRJ9,12:51:03,65.0916,20
BRJ9,12:51:03,68.4126,5
BRJ9,12:51:03,65.0916,100
BRJ9,12:51:03,67.7382,10
BRJ9,12:51:03,63.7536,2
BRJ9,12:51:03,63.0895,1
BRJ9,12:51:03,69.0664,20
BRJ9,12:51:03,65.7459,5
BRJ9,12:51:03,64.4177,12
BRJ9,12:51:03,68.4023,2
BRJ9,12:51:03,63.7440,5
BRJ9,12:51:03,66.4000,15
BRJ9,12:51:03,69.0664,20
BRJ9,12:51:03,67.7382,10
BRJ9,12:51:04,67.7382,8
BRJ9,12:51:06,67.7484,10
BRJ9,12:51:15,67.0741,1
BRJ9,12:51:40,69.0664,5
BRJ9,12:51:54,68.4023,2
BRJ9,12:51:54,69.7305,3
BRJ9,12:51:57,69.7305,5
BRJ9,12:52:02,66.4100,5
BRJ9,12:52:08,69.7305,5
BRJ9,12:52:12,63.0800,5
BRJ9,12:52:12,67.7280,3
BRJ9,12:52:12,64.4080,2
BRJ9,12:52:12,67.7280,20
BRJ9,12:52:12,65.0720,25
BRJ9,12:52:39,65.0818,5
BRJ9,12:52:40,66.4000,50
BRJ9,12:52:40,66.4000,5
BRJ9,12:52:48,65.0720,5
BRJ9,12:52:48,65.0622,5
BRJ9,12:52:48,63.0610,5
BRJ9,12:53:52,69.7410,5
BRJ9,12:53:54,67.0741,5
BRJ9,12:54:01,64.4274,4
BRJ9,12:54:19,63.0895,5
BRJ9,12:54:25,69.0560,2
BRJ9,12:54:25,69.7200,3
BRJ9,12:54:25,67.7178,5
BRJ9,12:54:25,66.3900,3
BRJ9,12:54:26,66.3800,5
BRJ9,12:54:47,68.3611,1
BRJ9,12:55:00,65.7162,2
BRJ9,12:55:04,65.0426,4
BRJ9,12:55:04,67.0236,5
BRJ9,12:55:04,63.0420,10
BRJ9,12:55:09,66.3900,2
BRJ9,12:55:39,69.0664,4
BRJ9,12:56:03,69.7095,6
BRJ9,12:56:03,67.0539,1
BRJ9,12:56:11,67.7178,4
BRJ9,12:56:11,67.7178,4
BRJ9,12:56:11,65.7261,4
BRJ9,12:56:11,67.0539,12
BRJ9,12:56:11,64.3983,2
BRJ9,12:56:11,64.3983,1
BRJ9,12:56:11,63.0705,1
BRJ9,12:56:15,67.0640,2
BRJ9,12:56:20,64.4177,4
BRJ9,12:56:28,66.4200,1
BRJ9,12:56:30,66.4200,1
BRJ9,12:56:32,63.7632,1
BRJ9,12:56:32,64.4274,1
BRJ9,12:56:32,69.0768,4
BRJ9,12:56:33,63.0990,4
BRJ9,12:56:33,69.0664,6
BRJ9,12:56:36,63.7632,9
BRJ9,12:58:10,63.0705,1
BRJ9,12:58:20,67.7076,1
BRJ9,12:58:20,66.3800,3
BRJ9,12:58:25,63.7152,1
BRJ9,12:58:25,68.3508,1
BRJ9,12:58:52,67.6974,4
BRJ9,12:58:52,67.6974,4
BRJ9,12:59:30,63.7440,3
BRJ9,12:59:42,67.7280,1
BRJ9,13:00:01,64.3983,7
BRJ9,13:00:48,65.7657,3
BRJ9,13:00:48,63.7728,5
BRJ9,13:00:48,65.1112,3
BRJ9,13:00:56,63.1275,2
BRJ9,13:00:57,69.1288,5
BRJ9,13:00:57,63.8112,1
BRJ9,13:00:57,68.4641,5
BRJ9,13:00:58,63.1560,5
BRJ9,13:00:58,67.1448,7
BRJ9,13:00:58,63.8208,13
BRJ9,13:00:58,64.4856,7
BRJ9,13:01:06,67.1549,5
BRJ9,13:01:06,63.1655,2
BRJ9,13:01:07,68.4950,1
BRJ9,13:01:07,69.8250,5
BRJ9,13:01:07,69.1600,68
BRJ9,13:01:08,67.8300,350
BRJ9,13:01:08,65.8350,39
BRJ9,13:01:08,69.1600,36
BRJ9,13:01:08,63.1750,7
BRJ9,13:01:08,67.1650,1
BRJ9,13:01:08,67.1650,4
BRJ9,13:01:14,65.1406,8
BRJ9,13:01:14,68.4744,8
BRJ9,13:01:14,65.8152,2
BRJ9,13:01:14,63.1560,7
BRJ9,13:01:14,65.8152,7
BRJ9,13:01:20,69.1392,1
BRJ9,13:01:31,63.7920,20
BRJ9,13:01:31,65.1210,8
BRJ9,13:01:31,65.7756,3
BRJ9,13:02:01,65.1014,3
BRJ9,13:02:11,69.7200,1
BRJ9,13:02:11,63.7440,5
BRJ9,13:02:16,63.0705,5
BRJ9,13:02:16,65.0524,5
BRJ9,13:02:16,66.3900,5
BRJ9,13:02:25,69.6990,5
BRJ9,13:02:33,67.0438,2
BRJ9,13:02:36,67.6974,5
BRJ9,13:02:36,67.6974,5
BRJ9,13:02:38,65.0328,5
BRJ9,13:02:43,67.0135,1
BRJ9,13:02:47,64.3498,8
BRJ9,13:02:47,69.0040,1
BRJ9,13:02:56,64.3304,1
BRJ9,13:02:57,64.3304,7
BRJ9,13:02:57,65.6568,2
BRJ9,13:03:00,67.6362,1
BRJ9,13:03:00,69.6255,1
BRJ9,13:03:01,67.6260,1
BRJ9,13:03:01,64.9740,1
BRJ9,13:03:01,65.6370,1
BRJ9,13:03:01,68.2890,1
BRJ9,13:03:16,63.0325,10
BRJ9,13:03:16,67.6872,10
BRJ9,13:03:16,63.0325,2
BRJ9,13:03:16,67.6770,2
BRJ9,13:03:23,63.6864,10
BRJ9,13:03:23,68.3302,5
BRJ9,13:03:28,63.6672,10
BRJ9,13:03:49,65.6766,1
BRJ9,13:04:01,65.6667,8
BRJ9,13:04:01,63.6768,10
BRJ9,13:04:01,63.6768,5
BRJ9,13:04:01,63.0135,2
BRJ9,13:04:06,63.6768,8
BRJ9,13:04:06,68.3199,8
BRJ9,13:04:06,65.0034,10
BRJ9,13:04:06,65.6667,2
BRJ9,13:04:16,65.6766,1
BRJ9,13:04:33,63.0230,7
BRJ9,13:04:33,67.0034,2
BRJ9,13:04:49,68.3302,2
BRJ9,13:05:26,68.3096,1
BRJ9,13:05:26,65.6469,3
BRJ9,13:05:26,66.9731,4
BRJ9,13:05:31,64.9642,1
BRJ9,13:05:31,68.2787,2
BRJ9,13:05:33,62.9755,10
BRJ9,13:05:41,64.9544,2
BRJ9,13:05:41,69.5940,3
BRJ9,13:05:49,66.9529,1
BRJ9,13:05:58,63.6288,20
BRJ9,13:06:47,64.3110,10
BRJ9,13:07:27,68.2684,5
BRJ9,13:07:27,66.9428,1
BRJ9,13:07:27,68.2581,1
BRJ9,13:07:29,68.9104,1
BRJ9,13:07:29,63.6096,2
BRJ9,13:08:02,69.5940,2
BRJ9,13:08:58,66.2600,8
BRJ9,13:08:58,67.5750,1
BRJ9,13:08:58,65.5776,1
BRJ9,13:08:59,62.9375,1
BRJ9,13:09:37,67.5954,2
BRJ9,13:09:38,64.2722,2
BRJ9,13:10:04,66.9125,1
BRJ9,13:10:04,68.9000,10
BRJ9,13:10:05,64.9152,2
BRJ9,13:10:24,67.5852,8
BRJ9,13:10:24,64.2722,7
BRJ9,13:10:24,65.6073,8
BRJ9,13:10:30,68.2787,3
BRJ9,13:10:44,66.3000,3
BRJ9,13:11:04,66.9630,1
BRJ9,13:11:05,66.3000,1
BRJ9,13:12:11,63.0040,1
BRJ9,13:12:11,66.9832,20
BRJ9,13:12:26,68.3096,1
BRJ9,13:12:26,66.3200,1
BRJ9,13:12:49,63.6672,1
BRJ9,13:13:05,68.2993,8
BRJ9,13:13:05,64.3207,2
BRJ9,13:13:05,68.2993,7
BRJ9,13:13:05,64.3207,2
BRJ9,13:13:05,66.3100,7
BRJ9,13:13:05,67.6362,2
BRJ9,13:13:05,66.3100,6
BRJ9,13:13:23,65.6370,1
BRJ9,13:13:44,68.2787,2
BRJ9,13:13:51,64.3110,5
BRJ9,13:13:59,64.9838,2
BRJ9,13:14:41,67.5750,1
BRJ9,13:14:41,68.2375,1
BRJ9,13:14:46,68.8792,19
BRJ9,13:14:46,64.9054,1
BRJ9,13:14:47,67.5444,2
BRJ9,13:14:47,67.5444,2
BRJ9,13:14:47,62.9090,2
BRJ9,13:14:47,62.9090,4
BRJ9,13:14:47,68.8688,1
BRJ9,13:14:47,66.8721,1
BRJ9,13:14:47,63.5616,3
BRJ9,13:14:47,65.5479,1
BRJ9,13:14:47,66.2300,1
BRJ9,13:14:51,65.5578,1
BRJ9,13:15:04,69.5310,1
BRJ9,13:15:06,68.1963,1
BRJ9,13:15:06,69.5205,1
BRJ9,13:15:06,68.8584,8
BRJ9,13:15:09,64.8760,5
BRJ9,13:15:09,64.8760,16
BRJ9,13:15:09,68.1860,2
BRJ9,13:15:09,63.5520,2
BRJ9,13:15:09,62.8900,1
BRJ9,13:15:09,68.1860,5
BRJ9,13:15:09,63.5520,1
BRJ9,13:15:15,69.5100,10
BRJ9,13:15:15,64.2140,8
BRJ9,13:15:15,68.1860,2
BRJ9,13:15:15,68.8480,10
BRJ9,13:15:16,65.5281,1
BRJ9,13:15:17,68.1654,2
BRJ9,13:15:17,68.1654,4
BRJ9,13:15:17,64.8564,1
BRJ9,13:15:17,67.5036,3
BRJ9,13:15:42,68.8376,10
BRJ9,13:15:44,63.5232,1
BRJ9,13:15:50,68.1860,4
BRJ9,13:15:52,64.8760,8
BRJ9,13:16:01,66.8620,1
BRJ9,13:16:02,64.2140,1
BRJ9,13:16:04,67.5138,8
BRJ9,13:16:04,63.5424,2
BRJ9,13:16:14,68.1654,1
BRJ9,13:16:14,67.5036,1
BRJ9,13:16:14,63.5328,1
BRJ9,13:16:14,68.1654,3
BRJ9,13:17:09,68.8272,15
BRJ9,13:17:10,65.5182,5
BRJ9,13:17:16,67.4934,1
BRJ9,13:17:16,62.8710,1
BRJ9,13:17:20,67.4832,1
BRJ9,13:17:20,66.1600,3
BRJ9,13:17:20,66.8216,1
BRJ9,13:17:21,64.1752,2
BRJ9,13:17:28,68.1345,1
BRJ9,13:17:28,69.4575,1
BRJ9,13:17:28,69.4575,1
BRJ9,13:17:28,65.4885,2
BRJ9,13:17:28,68.1345,5
BRJ9,13:17:28,68.1345,1
BRJ9,13:17:28,63.4944,2
BRJ9,13:17:39,68.7960,1
BRJ9,13:17:43,64.8270,8
BRJ9,13:17:43,67.4730,2
BRJ9,13:17:43,64.8172,3
BRJ9,13:17:43,64.8172,7
BRJ9,13:17:43,68.7856,2
BRJ9,13:17:43,69.4470,8
BRJ9,13:17:43,65.4786,10
BRJ9,13:17:43,66.1400,1
BRJ9,13:17:43,68.7856,7
BRJ9,13:17:43,69.4470,1
BRJ9,13:17:43,64.1558,20
BRJ9,13:17:51,64.1655,1
BRJ9,13:18:11,68.1242,3
BRJ9,13:18:51,64.1461,10
BRJ9,13:18:59,66.1400,1
BRJ9,13:19:00,68.1345,1
BRJ9,13:19:13,68.7544,1
BRJ9,13:19:19,65.4786,20
BRJ9,13:19:20,67.4424,2
BRJ9,13:19:20,64.7976,8
BRJ9,13:19:20,66.7812,20
BRJ9,13:19:20,68.1036,6
BRJ9,13:19:20,68.7648,8
BRJ9,13:19:20,67.4424,2
BRJ9,13:19:20,64.1364,78
BRJ9,13:19:20,64.7976,6
BRJ9,13:19:20,66.1100,5
BRJ9,13:19:20,66.1100,1
BRJ9,13:19:20,64.1267,1
BRJ9,13:19:20,65.4489,5
BRJ9,13:19:20,64.7878,10
BRJ9,13:19:20,62.8045,10
BRJ9,13:19:20,66.1100,8
BRJ9,13:19:20,64.1267,2
BRJ9,13:19:20,68.0933,10
BRJ9,13:19:20,64.1267,2
BRJ9,13:19:20,67.4322,8
BRJ9,13:19:20,66.1100,2
BRJ9,13:19:20,66.1200,8
BRJ9,13:19:20,67.4424,10
BRJ9,13:19:20,64.7976,2
BRJ9,13:19:20,63.4752,8
BRJ9,13:19:21,68.1036,2
BRJ9,13:19:21,65.4588,2
BRJ9,13:19:26,66.1500,8
BRJ9,13:19:52,62.8330,10
BRJ9,13:19:55,64.8074,2
BRJ9,13:19:55,69.4365,8
BRJ9,13:19:55,68.1139,10
BRJ9,13:20:00,63.5040,5
BRJ9,13:20:01,68.7856,1
BRJ9,13:20:14,66.1800,5
BRJ9,13:20:17,68.8272,2
BRJ9,13:20:17,66.8418,3
BRJ9,13:20:19,66.8418,4
BRJ9,13:20:19,67.5138,5
BRJ9,13:20:20,65.5281,4
BRJ9,13:20:20,63.5424,1
BRJ9,13:20:22,64.2043,1
BRJ9,13:20:22,67.5138,4
BRJ9,13:20:23,69.4995,5
BRJ9,13:20:37,66.8418,1
BRJ9,13:20:42,63.5328,1
BRJ9,13:20:52,67.5036,8
BRJ9,13:20:52,68.1654,2
BRJ9,13:21:00,65.5083,3
BRJ9,13:21:09,68.8376,2
BRJ9,13:21:09,66.8519,2
BRJ9,13:21:09,64.2043,6
BRJ9,13:21:09,64.2043,4
BRJ9,13:21:09,68.1757,5
BRJ9,13:21:09,69.4995,1
BRJ9,13:21:09,69.4995,4
BRJ9,13:21:26,64.2043,3
BRJ9,13:22:18,66.8216,10
BRJ9,13:22:18,66.8216,1
BRJ9,13:22:40,66.1500,1
BRJ9,13:22:51,63.5232,1
BRJ9,13:22:57,66.8620,5
BRJ9,13:22:57,66.2000,2
BRJ9,13:22:57,65.5380,8
BRJ9,13:22:57,69.5100,4
BRJ9,13:22:57,63.5520,52
BRJ9,13:22:57,67.5240,48
BRJ9,13:23:18,67.4832,8
BRJ9,13:23:18,63.5136,2
BRJ9,13:23:18,64.8368,10
BRJ9,13:23:18,68.8064,11
BRJ9,13:23:18,63.5136,11
BRJ9,13:23:32,62.8520,8
BRJ9,13:23:47,64.1946,8
BRJ9,13:23:47,63.5328,2
BRJ9,13:23:51,64.2140,8
BRJ9,13:24:26,66.2000,3
BRJ9,13:24:35,62.8900,1
BRJ9,13:24:56,66.1900,1
BRJ9,13:25:57,62.8520,12
BRJ9,13:25:57,62.8520,2
BRJ9,13:25:57,66.8216,8
BRJ9,13:25:57,68.1448,10
BRJ9,13:25:57,64.1752,13
BRJ9,13:25:57,64.1752,20
BRJ9,13:25:57,68.7960,12
BRJ9,13:25:57,68.7960,10
BRJ9,13:25:57,69.4575,2
BRJ9,13:25:57,68.7960,8
BRJ9,13:25:57,69.4575,3
BRJ9,13:25:57,68.8168,8
BRJ9,13:25:57,68.1551,2
BRJ9,13:25:59,62.8710,8
BRJ9,13:25:59,64.1946,2
BRJ9,13:25:59,64.1946,10
BRJ9,13:26:07,67.5138,10
BRJ9,13:26:17,66.2000,3
BRJ9,13:26:28,66.8418,12
BRJ9,13:26:28,64.8564,10
BRJ9,13:26:28,64.1946,36
BRJ9,13:26:28,62.8710,39
BRJ9,13:26:28,63.5328,3
BRJ9,13:26:44,67.5240,8
BRJ9,13:26:44,69.5100,10
BRJ9,13:26:44,67.5240,2
BRJ9,13:26:44,64.2140,12
BRJ9,13:26:54,69.5205,1
BRJ9,13:26:54,63.5616,12
BRJ9,13:26:54,66.2100,12
BRJ9,13:27:08,67.5240,10
BRJ9,13:27:11,63.5424,25
BRJ9,13:27:11,64.2043,8
BRJ9,13:27:11,65.5281,1
BRJ9,13:27:15,66.8519,5
BRJ9,13:27:30,69.4890,8
BRJ9,13:27:30,64.8564,10
BRJ9,13:27:30,66.8418,2
BRJ9,13:27:30,65.5182,12
BRJ9,13:27:52,68.1551,2
BRJ9,13:30:15,63.5520,1
BRJ9,13:30:27,69.5310,8
BRJ9,13:30:27,63.5712,2
BRJ9,13:30:42,63.5712,1
BRJ9,13:30:55,64.8956,8
BRJ9,13:30:55,68.2066,2
BRJ9,13:30:55,63.5712,10
BRJ9,13:31:06,62.9185,1
BRJ9,13:31:09,63.5904,2
BRJ9,13:31:09,64.2528,8
BRJ9,13:31:09,67.5648,2
BRJ9,13:31:25,67.5648,11
BRJ9,13:31:28,66.2400,73
BRJ9,13:31:37,64.2625,2
BRJ9,13:31:37,67.5750,3
BRJ9,13:31:44,62.9280,1
BRJ9,13:31:56,66.8822,1
BRJ9,13:31:56,68.8688,72
BRJ9,13:31:56,67.5444,24
BRJ9,13:31:56,63.5616,10
BRJ9,13:33:03,63.5616,3
BRJ9,13:34:33,66.9024,8
BRJ9,13:34:33,68.2272,2
BRJ9,13:34:34,64.9348,2
BRJ9,13:34:34,68.9104,8
BRJ9,13:34:34,67.5852,10
BRJ9,13:34:34,66.9327,2
BRJ9,13:34:34,64.9446,8
BRJ9,13:34:34,64.9446,10
BRJ9,13:34:34,64.9446,1
BRJ9,13:34:34,64.2819,10
BRJ9,13:34:34,62.9565,9
BRJ9,13:34:34,68.2684,2
BRJ9,13:34:45,67.5852,1
BRJ9,13:35:02,64.9348,1
BRJ9,13:35:04,66.2800,1
BRJ9,13:35:16,65.6172,45
BRJ9,13:35:30,66.2600,10
BRJ9,13:36:04,63.6096,4
BRJ9,13:36:04,64.9348,2
BRJ9,13:36:04,62.9470,4
BRJ9,13:36:16,66.9226,1
BRJ9,13:36:38,68.2375,8
BRJ9,13:36:38,68.9000,10
BRJ9,13:36:38,64.2625,2
BRJ9,13:36:38,68.2375,44
BRJ9,13:36:38,67.5648,10
BRJ9,13:36:38,69.5520,4
BRJ9,13:37:04,65.5776,4
BRJ9,13:37:09,65.5776,1
BRJ9,13:39:01,68.2066,15
BRJ9,13:39:01,69.5205,2
BRJ9,13:39:01,65.5479,2
BRJ9,13:39:01,68.8584,6
BRJ9,13:39:55,68.2066,1
BRJ9,13:40:11,62.9375,5
BRJ9,13:41:42,68.9000,1
BRJ9,13:41:42,66.9125,4
BRJ9,13:42:04,67.5852,10
BRJ9,13:42:04,67.5852,4
BRJ9,13:42:04,65.5974,10
BRJ9,13:42:04,68.9000,10
BRJ9,13:42:04,63.6000,10
BRJ9,13:42:04,66.9125,2
BRJ9,13:42:04,68.2375,9
BRJ9,13:42:04,66.2500,295
BRJ9,13:42:04,66.2500,4
BRJ9,13:42:04,68.8896,10
BRJ9,13:42:04,68.8896,20
BRJ9,13:42:04,66.9024,10
BRJ9,13:42:04,64.2528,2
BRJ9,13:42:04,62.9280,25
BRJ9,13:42:04,66.9024,10
BRJ9,13:42:04,65.5776,4
BRJ9,13:42:05,66.8923,5
BRJ9,13:42:05,66.8923,2
BRJ9,13:42:05,63.5808,4
BRJ9,13:42:05,66.2200,5
BRJ9,13:42:05,64.8956,4
BRJ9,13:42:05,68.8688,1
BRJ9,13:42:05,63.5808,4
BRJ9,13:42:22,62.8900,1
BRJ9,13:42:22,68.1860,1
BRJ9,13:42:22,67.5240,3
BRJ9,13:42:22,67.5240,1
BRJ9,13:42:26,63.5520,1
BRJ9,13:42:26,68.1860,2
BRJ9,13:42:28,63.5520,4
BRJ9,13:42:30,64.8760,1
BRJ9,13:42:42,65.5380,10
BRJ9,13:43:21,63.5616,1
BRJ9,13:43:50,65.5875,5
BRJ9,13:44:22,69.5730,4
BRJ9,13:44:22,68.9104,2
BRJ9,13:44:31,62.9470,4
BRJ9,13:44:31,65.5974,1
BRJ9,13:44:41,67.5648,5
BRJ9,13:46:03,64.2237,1
BRJ9,13:46:20,62.8995,1
BRJ9,13:46:24,68.1860,1
BRJ9,13:46:44,68.9000,1
BRJ9,13:46:53,62.9375,20
BRJ9,13:47:05,65.5875,10
BRJ9,13:47:05,69.5625,8
BRJ9,13:47:05,62.9470,2
BRJ9,13:47:05,68.2478,4
BRJ9,13:47:05,65.5974,10
BRJ9,13:47:05,68.9104,2
BRJ9,13:47:05,64.9348,3
BRJ9,13:47:05,64.9348,13
BRJ9,13:47:10,64.2722,1
BRJ9,13:47:24,68.2581,10
BRJ9,13:47:24,66.9327,1
BRJ9,13:47:25,65.6172,1
BRJ9,13:47:36,65.6271,5
BRJ9,13:47:36,66.9529,1
BRJ9,13:47:36,66.2900,3
BRJ9,13:47:36,66.2900,3
BRJ9,13:47:36,62.9755,3
BRJ9,13:47:36,68.2787,1
BRJ9,13:47:37,65.6370,1
BRJ9,13:47:37,64.3110,1
BRJ9,13:47:55,67.6260,8
BRJ9,13:47:55,68.9520,5
BRJ9,13:48:00,69.6150,10
BRJ9,13:48:05,64.9740,10
BRJ9,13:48:05,66.3000,12
BRJ9,13:48:05,63.6480,18
BRJ9,13:48:28,66.3100,1
BRJ9,13:48:28,64.3207,5
BRJ9,13:48:28,68.3096,4
BRJ9,13:48:28,65.6370,4
BRJ9,13:48:28,64.3110,12
BRJ9,13:48:28,64.9740,2
BRJ9,13:48:28,62.9850,2
BRJ9,13:48:37,62.9850,10
BRJ9,13:48:40,67.6260,5
BRJ9,13:48:49,66.3000,1
BRJ9,13:48:59,69.6255,1
BRJ9,13:49:00,65.6469,1
BRJ9,13:49:06,66.3000,11
BRJ9,13:49:30,67.6260,2
BRJ9,13:49:41,62.9945,4
BRJ9,13:49:41,68.9624,10
BRJ9,13:49:41,64.9838,2
BRJ9,13:49:58,69.6150,1
BRJ9,13:50:14,68.9624,13
BRJ9,13:50:14,65.6469,1
BRJ9,13:50:20,65.6370,1
BRJ9,13:50:29,67.6158,1
BRJ9,13:50:52,64.3110,4
BRJ9,13:50:52,63.6480,1
BRJ9,13:50:56,65.6370,5
BRJ9,13:51:02,68.2684,10
BRJ9,13:51:41,64.9446,1
BRJ9,13:52:23,68.9312,4
BRJ9,13:52:23,67.6056,6
BRJ9,13:52:32,63.6192,1
BRJ9,13:52:32,66.9226,1
BRJ9,13:52:32,64.2722,1
BRJ9,13:52:32,66.2600,1
BRJ9,13:53:00,65.5875,1
BRJ9,13:53:11,68.2478,1
BRJ9,13:53:12,67.5954,1
BRJ9,13:53:39,68.9416,4
BRJ9,13:53:41,65.6370,3
BRJ9,13:53:45,66.3100,6
BRJ9,13:53:54,62.9945,10
BRJ9,13:53:54,66.3100,2
BRJ9,13:53:54,66.3100,4
BRJ9,13:53:54,64.3207,20
BRJ9,13:53:54,64.3304,4
BRJ9,13:53:55,66.3200,1
BRJ9,13:53:55,64.3304,38
BRJ9,13:53:55,68.3096,2
BRJ9,13:53:55,66.9832,58
BRJ9,13:53:55,69.6360,3
BRJ9,13:53:55,69.6360,1
BRJ9,13:54:12,64.9838,5
BRJ9,13:54:12,63.6768,5
BRJ9,13:54:12,68.9832,1
BRJ9,13:54:15,68.3096,5
BRJ9,13:54:17,63.6672,5
BRJ9,13:54:19,69.6360,5
BRJ9,13:54:22,67.6464,5
BRJ9,13:54:23,68.3096,5
BRJ9,13:54:37,68.3199,11
BRJ9,13:54:37,66.9933,1
BRJ9,13:54:37,66.9933,10
BRJ9,13:54:37,68.9832,2
BRJ9,13:54:37,65.6667,12
BRJ9,13:54:37,63.6864,1
BRJ9,13:54:37,65.6766,1
BRJ9,13:54:37,64.3498,4
BRJ9,13:54:37,68.9936,5
BRJ9,13:54:37,67.0034,4
BRJ9,13:54:37,63.6864,2
BRJ9,13:54:42,68.3405,2
BRJ9,13:54:42,68.3405,5
BRJ9,13:54:42,69.6675,1
BRJ9,13:54:42,67.6872,5
BRJ9,13:54:42,69.6780,11
BRJ9,13:54:42,67.6872,12
BRJ9,13:54:44,65.7063,1
BRJ9,13:54:44,63.7152,10
BRJ9,13:54:44,65.7063,1
BRJ9,13:54:44,67.6974,24
BRJ9,13:54:44,63.7152,20
BRJ9,13:54:52,66.3800,5
BRJ9,13:54:53,69.6990,1
BRJ9,13:55:01,67.6974,4
BRJ9,13:55:03,67.6974,6
BRJ9,13:55:11,65.0524,1
BRJ9,13:55:13,68.3714,1
BRJ9,13:55:18,67.7076,1
BRJ9,13:55:27,69.0352,1
BRJ9,13:56:01,63.7344,5
BRJ9,13:56:01,65.0622,9
BRJ9,13:57:12,65.0230,1
BRJ9,13:57:40,63.0515,10
BRJ9,13:57:40,66.3700,1
BRJ9,13:57:40,63.7248,10
BRJ9,13:57:40,67.7076,12
BRJ9,13:57:40,65.0524,5
BRJ9,13:57:40,65.0524,1
BRJ9,13:57:40,63.7248,1
BRJ9,13:57:40,66.3900,1
BRJ9,13:57:57,63.0705,5
BRJ9,13:57:57,69.7095,5
BRJ9,13:58:01,69.7200,10
BRJ9,13:58:01,65.7360,1
BRJ9,13:58:02,65.0720,5
BRJ9,13:59:01,69.0560,1
BRJ9,13:59:01,69.0560,12
BRJ9,13:59:01,69.0560,12
BRJ9,13:59:02,63.0895,1
BRJ9,13:59:02,64.4177,2
BRJ9,13:59:02,63.0895,10
BRJ9,13:59:02,65.7459,1
BRJ9,13:59:02,65.0916,6
BRJ9,13:59:02,66.4200,4
BRJ9,13:59:02,63.7632,1
BRJ9,13:59:13,67.7586,5
BRJ9,13:59:13,67.7586,10
BRJ9,13:59:13,66.4300,8
BRJ9,13:59:15,65.7756,2
BRJ9,13:59:16,67.7688,5
BRJ9,13:59:20,67.1044,3
BRJ9,13:59:20,63.7824,1
BRJ9,13:59:30,66.4300,1
BRJ9,14:05:00,65.1112,1
BRJ9,14:05:00,69.0976,10
BRJ9,14:05:00,69.0976,10
BRJ9,14:05:00,63.7824,10
BRJ9,14:05:00,64.4468,10
BRJ9,14:05:01,63.7824,1
BRJ9,14:05:01,69.7725,10
BRJ9,14:05:01,67.7790,39
BRJ9,14:05:06,68.4332,1
BRJ9,14:05:57,69.1080,1
BRJ9,14:05:58,65.7855,9
BRJ9,14:05:58,69.7725,10
BRJ9,14:05:58,64.4565,21
BRJ9,14:06:17,65.1014,3
BRJ9,14:06:18,68.4332,1
BRJ9,14:06:40,63.1180,20
BRJ9,14:06:53,63.7632,2
BRJ9,14:06:54,65.7756,2
BRJ9,14:07:05,68.4126,1
BRJ9,14:07:25,67.7586,3
BRJ9,14:07:30,69.7620,1
BRJ9,14:07:33,69.0872,1
BRJ9,14:07:38,64.4468,5
BRJ9,14:07:38,68.4332,1
BRJ9,14:07:41,67.0943,9
BRJ9,14:08:40,68.4023,1
BRJ9,14:09:09,63.1180,1
BRJ9,14:10:00,69.7410,1
BRJ9,14:10:18,69.7410,1
BRJ9,14:11:00,68.4435,1
BRJ9,14:11:00,69.1080,1
BRJ9,14:11:00,69.7725,11
BRJ9,14:11:08,69.1080,1
BRJ9,14:12:43,67.7892,1
BRJ9,14:12:44,63.1370,1
BRJ9,14:12:44,69.1288,1
BRJ9,14:12:44,69.1288,19
BRJ9,14:12:44,69.1392,1
BRJ9,14:12:44,64.4856,1
BRJ9,14:12:44,66.4900,20
BRJ9,14:12:44,66.4900,2
BRJ9,14:12:44,63.8304,4
BRJ9,14:12:44,67.8300,25
BRJ9,14:12:44,63.1750,47
BRJ9,14:12:44,65.1700,1
BRJ9,14:12:44,68.4950,2
BRJ9,14:12:44,63.8304,10
BRJ9,14:12:44,69.1496,1
BRJ9,14:12:44,69.1496,9
BRJ9,14:12:44,65.8350,65
BRJ9,14:12:45,69.8145,50
BRJ9,14:12:45,65.1602,20
BRJ9,14:12:45,69.1496,4
BRJ9,14:12:54,69.7935,2
BRJ9,14:12:54,66.4700,20
BRJ9,14:12:54,67.8096,21
BRJ9,14:12:54,68.4744,2
BRJ9,14:12:54,63.1560,21
BRJ9,14:12:54,67.1448,10
BRJ9,14:13:26,67.1650,2
BRJ9,14:13:26,64.5050,4
BRJ9,14:13:26,69.8250,25
BRJ9,14:13:26,64.5050,2
BRJ9,14:13:26,67.1650,71
BRJ9,14:13:26,67.1650,174
BRJ9,14:13:26,63.8400,39
BRJ9,14:13:26,68.4950,43
BRJ9,14:13:26,69.1600,1
BRJ9,14:13:26,64.5050,20
BRJ9,14:13:26,65.1700,1
BRJ9,14:13:26,65.8350,5
BRJ9,14:13:26,65.1700,5
BRJ9,14:13:32,69.8145,3
BRJ9,14:14:18,66.4500,15
BRJ9,14:15:09,66.4600,1
BRJ9,14:15:22,68.4435,100
BRJ9,14:15:28,69.7620,1
BRJ9,14:15:54,65.1112,9
BRJ9,14:15:54,67.0943,1
BRJ9,14:16:05,65.0916,39
BRJ9,14:16:37,67.1044,4
BRJ9,14:16:37,65.7756,2
BRJ9,14:16:37,69.0976,9
BRJ9,14:17:09,65.0916,1
BRJ9,14:17:16,66.4200,1
BRJ9,14:17:34,63.7632,1
BRJ9,14:17:38,69.0768,2
BRJ9,14:17:38,69.0768,2
BRJ9,14:17:38,63.7632,3
BRJ9,14:17:42,69.7515,17
BRJ9,14:17:42,66.4500,4
BRJ9,14:17:42,68.4435,17
BRJ9,14:17:47,63.8208,5
BRJ9,14:17:47,68.4744,20
BRJ9,14:17:47,64.4953,2
BRJ9,14:17:48,66.4900,25
BRJ9,14:17:48,65.1602,25
BRJ9,14:18:04,69.1600,1
BRJ9,14:18:04,67.8300,2
BRJ9,14:18:04,68.4950,4
BRJ9,14:18:04,66.5100,1
BRJ9,14:18:04,63.8496,1
BRJ9,14:18:04,64.5147,15
BRJ9,14:18:04,65.8449,2
BRJ9,14:18:04,67.8402,3
BRJ9,14:18:04,67.1650,4
BRJ9,14:18:06,64.5050,2
BRJ9,14:18:06,65.1700,3
BRJ9,14:18:46,63.8208,4
BRJ9,14:18:56,65.1406,10
BRJ9,14:18:56,67.1347,2
BRJ9,14:18:56,65.1406,14
BRJ9,14:18:56,67.7994,4
BRJ9,14:18:56,63.1465,10
BRJ9,14:19:35,63.7728,10
BRJ9,14:20:45,69.7515,4
BRJ9,14:20:45,63.7728,2
BRJ9,14:20:45,63.1085,13
BRJ9,14:20:49,68.4023,5
BRJ9,14:20:49,69.0664,100
BRJ9,14:21:01,69.0664,20
BRJ9,14:21:05,69.7200,4
BRJ9,14:21:05,69.7200,11
BRJ9,14:21:05,67.0640,2
BRJ9,14:21:05,67.0640,1
BRJ9,14:21:05,68.3920,2
BRJ9,14:21:05,66.4000,4
BRJ9,14:21:05,65.0720,6
BRJ9,14:21:46,68.4023,1
BRJ9,14:23:12,68.4229,4
BRJ9,14:23:27,64.4371,4
BRJ9,14:23:27,65.1014,2
BRJ9,14:23:27,66.4300,40
BRJ9,14:23:27,63.1085,54
BRJ9,14:24:58,63.7632,5
BRJ9,14:25:03,67.7382,1
BRJ9,14:25:58,65.0524,3
BRJ9,14:26:17,65.0818,3
BRJ9,14:26:18,65.7261,1
BRJ9,14:27:40,67.7688,10
BRJ9,14:27:41,66.4500,2
BRJ9,14:27:41,65.1210,8
BRJ9,14:27:44,65.1210,89
BRJ9,14:27:44,63.1275,3
BRJ9,14:29:12,69.7620,20
BRJ9,14:30:14,69.7620,47
BRJ9,14:30:14,65.7756,53
BRJ9,14:31:13,66.4700,1
BRJ9,14:31:30,63.1560,1
BRJ9,14:31:30,64.4856,1
BRJ9,14:31:30,67.1448,5
BRJ9,14:31:30,65.1504,5
BRJ9,14:31:30,63.1560,5
BRJ9,14:32:28,65.1504,2
BRJ9,14:32:55,69.1600,2
BRJ9,14:32:55,65.8350,5
BRJ9,14:33:24,64.5147,1
BRJ9,14:33:39,68.5053,2
BRJ9,14:33:39,63.8496,4
BRJ9,14:33:45,63.8496,4
BRJ9,14:33:45,64.5147,2
BRJ9,14:33:45,69.1704,50
BRJ9,14:33:45,69.1704,39
BRJ9,14:33:45,63.8496,5
BRJ9,14:33:45,67.1751,2
BRJ9,14:33:45,66.5100,10
BRJ9,14:33:45,67.1751,4
BRJ9,14:33:45,67.8402,39
BRJ9,14:33:56,65.1700,10
BRJ9,14:33:56,63.8496,10
BRJ9,14:34:35,64.4759,1
BRJ9,14:34:36,65.1308,4
BRJ9,14:34:36,69.7830,2
BRJ9,14:34:40,67.7994,17
BRJ9,14:34:40,69.1288,1
BRJ9,14:34:40,68.4641,3
BRJ9,14:34:40,69.1392,20
BRJ9,14:34:40,65.1602,4
BRJ9,14:34:54,67.8300,10
BRJ9,14:34:54,67.1650,3
BRJ9,14:35:06,68.4950,10
BRJ9,14:35:14,69.8040,4
BRJ9,14:35:14,65.8053,2
BRJ9,14:35:14,67.1347,4
BRJ9,14:35:28,65.1308,1
BRJ9,14:36:04,64.4953,1
BRJ9,14:37:14,67.1448,1
BRJ9,14:37:52,65.7954,2
BRJ9,14:37:57,68.4538,10
BRJ9,14:38:02,67.1145,20
BRJ9,14:38:02,63.1275,10
BRJ9,14:38:17,67.7688,2
BRJ9,14:39:11,65.1112,25
BRJ9,14:39:38,65.7756,10
BRJ9,14:40:07,65.0818,10
BRJ9,14:40:47,64.4080,10
BRJ9,14:40:47,65.7360,8
BRJ9,14:40:47,63.7440,2
BRJ9,14:42:15,64.4565,2
BRJ9,14:43:42,67.1145,5
BRJ9,14:43:42,67.1145,6
BRJ9,14:43:51,64.4662,1
BRJ9,14:44:47,65.1014,3
BRJ9,14:44:54,68.4126,4
BRJ9,14:44:54,69.0768,10
BRJ9,14:44:54,67.0842,2
BRJ9,14:44:54,66.4200,2
BRJ9,14:45:11,67.1044,4
BRJ9,14:48:28,64.4468,7
BRJ9,14:48:28,69.7620,2
BRJ9,14:49:49,65.7459,1
BRJ9,14:50:25,67.0943,12
BRJ9,14:50:42,67.7484,1
BRJ9,14:50:42,64.4274,1
BRJ9,14:51:07,69.7515,4
BRJ9,14:51:32,63.7440,4
BRJ9,14:51:32,65.0720,1
BRJ9,14:51:39,69.0456,1
BRJ9,14:51:39,63.7344,1
BRJ9,14:51:39,65.0524,1
BRJ9,14:51:40,67.6974,1
BRJ9,14:52:02,65.0524,1
BRJ9,14:52:44,65.0622,1
BRJ9,14:52:47,69.0456,1
BRJ9,14:52:49,66.3900,1
BRJ9,14:52:49,68.3817,1
BRJ9,14:54:00,69.7200,4
BRJ9,14:55:15,65.1014,1
BRJ9,14:55:15,67.0943,1
BRJ9,14:55:16,67.7688,20
BRJ9,14:55:16,68.4332,1
BRJ9,14:57:01,69.8040,1
BRJ9,14:57:01,69.1392,10
BRJ9,14:57:01,66.4800,50
BRJ9,14:57:02,69.1288,6
BRJ9,14:57:02,64.5050,2
BRJ9,14:57:02,63.1750,1
BRJ9,14:57:02,65.8350,33
BRJ9,14:57:02,63.8400,3
BRJ9,14:57:02,65.8350,5
BRJ9,14:57:02,64.5050,10
BRJ9,14:57:02,65.1700,1
BRJ9,14:57:02,64.5147,1
BRJ9,14:57:03,65.8449,4
BRJ9,14:57:03,69.1704,2
BRJ9,14:57:04,69.8460,25
BRJ9,14:57:04,68.5156,46
BRJ9,14:57:04,69.8460,74
BRJ9,14:57:04,69.1808,39
BRJ9,14:57:04,63.1940,8
BRJ9,14:57:04,69.8460,8
BRJ9,14:57:04,65.1896,13
BRJ9,14:57:04,67.8504,39
BRJ9,14:57:04,69.8460,250
BRJ9,14:57:04,65.8548,39
BRJ9,14:57:04,69.8460,2
BRJ9,14:57:04,69.8460,36
BRJ9,14:57:04,67.1852,2
BRJ9,14:57:04,69.8460,4
BRJ9,14:57:04,64.5244,4
BRJ9,14:57:04,66.5200,2
BRJ9,14:57:04,68.5156,25
BRJ9,14:57:05,69.8460,84
BRJ9,14:57:05,67.8504,1
BRJ9,14:57:05,67.1852,2
BRJ9,14:57:05,63.8592,13
BRJ9,14:57:05,65.1896,7
BRJ9,14:57:05,63.2035,10
BRJ9,14:57:05,69.1808,2
BRJ9,14:57:05,64.5341,2
BRJ9,14:57:05,69.8565,12
BRJ9,14:57:05,67.8606,4
BRJ9,14:57:05,68.5362,2
BRJ9,14:57:06,66.5400,8
BRJ9,14:57:06,65.2092,12
BRJ9,14:57:06,63.8688,1
BRJ9,14:57:11,67.8504,10
BRJ9,14:57:11,65.1896,15
BRJ9,14:57:11,69.1808,2
BRJ9,14:57:13,63.2035,1
BRJ9,14:57:16,68.5156,13
BRJ9,14:57:16,65.1896,1
BRJ9,14:57:17,66.5200,2
BRJ9,14:57:17,65.1896,2
BRJ9,14:57:21,63.8592,4
BRJ9,14:57:24,65.2092,25
BRJ9,14:57:24,65.1994,4
BRJ9,14:57:43,67.1953,10
BRJ9,14:57:43,63.8688,19
BRJ9,14:57:43,65.8647,4
BRJ9,14:57:43,69.8565,2
BRJ9,14:57:43,65.8647,4
BRJ9,14:57:43,69.1912,4
BRJ9,14:57:46,67.8708,1
BRJ9,14:57:47,69.8565,1
BRJ9,14:58:05,65.1896,25
BRJ9,14:58:05,66.5200,40
BRJ9,14:58:05,65.8548,2
BRJ9,14:58:05,65.1896,4
BRJ9,14:58:05,65.1896,29
BRJ9,14:58:05,67.1852,2
BRJ9,14:58:05,69.8460,4
BRJ9,14:58:05,69.8460,14
BRJ9,14:58:05,64.5244,10
BRJ9,14:58:05,67.8504,70
BRJ9,14:58:31,67.8504,2
BRJ9,14:58:31,69.1808,5
BRJ9,15:00:15,65.1112,1
BRJ9,15:00:22,69.0664,5
BRJ9,15:00:23,65.7162,1
BRJ9,15:00:27,65.0524,2
BRJ9,15:00:28,66.3900,4
BRJ9,15:00:34,67.7076,2
BRJ9,15:00:34,64.3886,4
BRJ9,15:00:35,64.3789,1
BRJ9,15:00:35,67.0337,1
BRJ9,15:00:35,66.3700,5
BRJ9,15:00:36,65.7162,100
BRJ9,15:00:39,67.0236,5
BRJ9,15:00:42,66.3500,5
BRJ9,15:00:42,63.0325,9
BRJ9,15:00:42,66.3500,2
BRJ9,15:00:48,69.0248,2
BRJ9,15:01:35,69.0456,1
BRJ9,15:01:36,66.3900,1
BRJ9,15:01:36,67.7178,1
BRJ9,15:01:40,66.3900,1
BRJ9,15:01:41,65.0622,1
BRJ9,15:01:41,66.3900,1
BRJ9,15:01:58,64.4080,1
BRJ9,15:02:04,63.7536,1
BRJ9,15:02:04,64.4274,2
BRJ9,15:02:08,63.7632,1
BRJ9,15:02:08,67.0842,65
BRJ9,15:02:08,67.0842,2
BRJ9,15:02:08,63.0990,4
BRJ9,15:02:08,69.7410,25
BRJ9,15:02:08,69.0768,4
BRJ9,15:03:00,69.1080,1
BRJ9,15:03:00,65.7855,1
BRJ9,15:03:02,64.4565,8
BRJ9,15:03:29,67.1347,25
BRJ9,15:03:29,69.1288,65
BRJ9,15:04:41,63.7440,10
BRJ9,15:04:41,63.0800,1
BRJ9,15:04:44,69.0352,33
BRJ9,15:04:45,65.0524,4
BRJ9,15:04:45,63.7248,2
BRJ9,15:04:45,69.6990,10
BRJ9,15:04:55,69.0248,1
BRJ9,15:05:01,63.0420,9
BRJ9,15:05:01,66.3600,10
BRJ9,15:05:01,65.6865,1
BRJ9,15:05:01,68.3405,1
BRJ9,15:05:01,65.6865,4
BRJ9,15:05:01,69.6675,1
BRJ9,15:05:08,69.0040,9
BRJ9,15:05:08,65.6865,2
BRJ9,15:05:10,68.3302,10
BRJ9,15:05:16,63.6960,4
BRJ9,15:05:16,65.6865,2
BRJ9,15:05:16,69.6675,2
BRJ9,15:05:41,63.6864,25
BRJ9,15:05:42,69.6465,1
BRJ9,15:05:43,65.0132,2
BRJ9,15:06:30,63.0230,2
BRJ9,15:06:30,69.6570,10
BRJ9,15:07:18,69.6885,1
BRJ9,15:07:36,63.0610,1
BRJ9,15:07:41,69.6990,1
BRJ9,15:08:21,68.3611,1
BRJ9,15:08:21,65.0426,3
BRJ9,15:08:53,67.0135,4
BRJ9,15:08:53,64.3595,2
BRJ9,15:08:53,66.3500,8
BRJ9,15:08:53,66.3500,4
BRJ9,15:09:00,67.6872,1
BRJ9,15:10:03,69.0040,10
BRJ9,15:10:10,65.6766,76
BRJ9,15:10:10,64.3498,24
BRJ9,15:10:26,63.7056,2
BRJ9,15:10:26,64.3692,4
BRJ9,15:10:28,65.0426,10
BRJ9,15:10:30,63.0420,4
BRJ9,15:10:30,63.0420,1
BRJ9,15:10:36,64.3692,1
BRJ9,15:10:36,63.0420,9
BRJ9,15:10:36,64.3692,1
BRJ9,15:10:36,63.7056,3
BRJ9,15:11:58,65.0328,3
BRJ9,15:12:05,69.0248,4
BRJ9,15:12:05,65.7063,2
BRJ9,15:12:05,65.7063,19
BRJ9,15:12:05,69.0248,1
BRJ9,15:12:21,66.3800,36
BRJ9,15:12:21,65.7162,61
BRJ9,15:12:21,67.7076,3
BRJ9,15:12:26,63.7344,2
BRJ9,15:12:26,66.3900,9
BRJ9,15:12:26,68.3817,4
BRJ9,15:12:26,67.0539,5
BRJ9,15:12:52,63.0895,1
BRJ9,15:12:52,63.7536,1
BRJ9,15:16:14,63.0610,4
BRJ9,15:16:14,65.7162,2
BRJ9,15:17:17,64.3983,32
BRJ9,15:18:35,67.0337,2
BRJ9,15:18:35,63.7152,7
BRJ9,15:18:35,64.3789,4
BRJ9,15:18:49,64.3789,1
BRJ9,15:19:45,65.0720,20
BRJ9,15:19:45,67.0640,13
BRJ9,15:21:06,67.0640,2
BRJ9,15:21:25,65.0916,1
BRJ9,15:21:46,68.4126,3
BRJ9,15:22:41,63.7440,2
BRJ9,15:22:41,68.3920,10
BRJ9,15:22:41,63.7440,38
BRJ9,15:22:41,68.3920,4
BRJ9,15:22:41,65.0720,2
BRJ9,15:22:41,68.3920,56
BRJ9,15:22:41,63.7440,4
BRJ9,15:22:41,67.7280,2
BRJ9,15:23:45,67.7382,10
BRJ9,15:25:54,67.0337,1
BRJ9,15:26:00,65.0230,25
BRJ9,15:26:10,63.0230,10
BRJ9,15:26:10,65.6766,22
BRJ9,15:26:12,68.3302,11
BRJ9,15:28:02,63.0420,1
BRJ9,15:28:14,68.3714,10
BRJ9,15:28:42,66.3700,3
BRJ9,15:30:03,66.3800,1
BRJ9,15:30:56,66.4100,1
BRJ9,15:30:56,68.4126,1
BRJ9,15:32:01,65.0916,1
BRJ9,15:32:49,66.3800,10
BRJ9,15:34:09,67.7076,10
BRJ9,15:34:09,67.7076,2
BRJ9,15:34:09,63.0610,4
BRJ9,15:34:28,65.0426,1
BRJ9,15:34:38,69.0456,10
BRJ9,15:36:03,63.7248,1
BRJ9,15:36:03,68.3714,1
BRJ9,15:36:03,65.0524,3
BRJ9,15:37:47,69.6885,5
BRJ9,15:38:03,66.3500,1
BRJ9,15:39:23,65.7459,1
BRJ9,15:39:24,67.0842,5
BRJ9,15:40:32,66.4000,4
BRJ9,15:40:32,65.0720,4
BRJ9,15:40:32,69.0560,1
BRJ9,15:41:04,65.7360,2
BRJ9,15:42:11,63.0895,4
BRJ9,15:42:11,68.4023,9
BRJ9,15:42:11,69.0664,9
BRJ9,15:42:11,65.7459,2
BRJ9,15:42:11,65.7558,2
BRJ9,15:42:12,65.7657,2
BRJ9,15:42:12,63.7728,4
BRJ9,15:42:12,65.1014,1
BRJ9,15:43:22,65.0524,4
BRJ9,15:43:22,67.7076,2
BRJ9,15:43:36,67.6974,5
BRJ9,15:43:36,69.0248,2
BRJ9,15:43:46,68.3508,1
BRJ9,15:43:49,67.6770,2
BRJ9,15:43:49,65.6865,1
BRJ9,15:43:49,69.0040,7
BRJ9,15:43:49,67.0135,2
BRJ9,15:43:49,69.6675,2
BRJ9,15:44:16,63.7056,9
BRJ9,15:44:38,65.0230,9
BRJ9,15:44:40,68.3199,2
BRJ9,15:44:40,66.9933,2
BRJ9,15:44:41,69.6360,1
BRJ9,15:44:41,64.3304,1
BRJ9,15:44:41,64.3304,5
BRJ9,15:45:05,69.0040,1
BRJ9,15:45:21,63.0325,4
BRJ9,15:45:22,67.0135,26
BRJ9,15:46:15,64.3595,8
BRJ9,15:46:15,63.0325,1
BRJ9,15:46:19,69.6675,3
BRJ9,15:46:49,63.6960,5
BRJ9,15:47:12,69.7095,1
BRJ9,15:47:13,69.0664,1
BRJ9,15:49:54,69.7305,10
BRJ9,15:50:23,63.7536,5
BRJ9,15:50:28,63.7440,4
BRJ9,15:50:28,69.7200,9
BRJ9,15:50:28,66.4000,2
BRJ9,15:51:22,63.7344,1
BRJ9,15:53:06,63.7632,10
BRJ9,15:53:06,66.4200,2
BRJ9,15:53:06,66.4200,4
BRJ9,15:53:06,65.0916,3
BRJ9,15:53:06,69.7410,7
BRJ9,15:53:07,63.7632,4
BRJ9,15:53:17,67.0741,1
BRJ9,15:53:41,69.0560,1
BRJ9,15:53:42,65.7360,1
BRJ9,15:53:57,65.7657,1
BRJ9,15:53:57,67.0943,10
BRJ9,15:53:57,69.0976,5
BRJ9,15:53:58,67.1044,1
BRJ9,15:53:58,69.7620,10
BRJ9,15:53:58,67.7688,17
BRJ9,15:53:58,69.7620,3
BRJ9,15:53:59,65.7855,10
BRJ9,15:54:16,67.1246,10
BRJ9,15:54:39,65.7855,5
BRJ9,15:55:40,69.1080,3
BRJ9,15:56:27,65.7855,5
BRJ9,15:57:46,63.1465,10
BRJ9,15:57:46,69.1392,1
BRJ9,15:57:46,67.1448,2
BRJ9,15:57:46,63.8208,8
BRJ9,15:57:46,65.1504,4
BRJ9,15:57:54,67.1347,1
BRJ9,15:58:56,65.7954,4
BRJ9,15:58:56,65.7954,1
BRJ9,15:59:16,65.1014,100
BRJ9,16:00:09,68.4332,4
BRJ9,16:00:09,69.0976,2
BRJ9,16:00:09,64.4468,6
BRJ9,16:00:09,65.1112,20
BRJ9,16:00:10,67.7586,20
BRJ9,16:00:24,65.7756,6
BRJ9,16:00:24,69.7620,2
BRJ9,16:00:24,65.7756,4
BRJ9,16:00:34,67.7586,4
BRJ9,16:00:34,69.0872,2
BRJ9,16:00:41,63.7824,5
BRJ9,16:01:26,65.7954,82
BRJ9,16:01:26,69.7830,18
BRJ9,16:02:14,69.0872,4
BRJ9,16:02:14,64.4371,2
BRJ9,16:02:23,67.7790,5
BRJ9,16:02:57,63.7536,4
BRJ9,16:02:57,67.0741,2
BRJ9,16:02:57,63.7440,20
BRJ9,16:02:57,66.4000,1
BRJ9,16:03:14,68.3920,1
BRJ9,16:03:35,67.0943,5
BRJ9,16:05:04,67.7178,98
BRJ9,16:05:23,67.7178,2
BRJ9,16:05:28,65.7162,1
BRJ9,16:05:28,67.0539,1
BRJ9,16:05:53,66.3700,1
BRJ9,16:06:35,69.7200,4
BRJ9,16:06:52,68.4023,96
BRJ9,16:06:52,63.0895,4
BRJ9,16:06:52,66.4200,5
BRJ9,16:07:00,68.4023,7
BRJ9,16:07:59,64.4371,1
BRJ9,16:08:24,66.4400,1
BRJ9,16:09:10,63.1370,1
BRJ9,16:09:39,69.1392,1
BRJ9,16:09:48,63.8304,10
BRJ9,16:09:48,65.8251,10
BRJ9,16:09:48,69.8250,10
BRJ9,16:09:48,65.8350,1
BRJ9,16:09:48,64.5050,1
BRJ9,16:09:48,66.5000,2
BRJ9,16:09:48,67.8300,5
BRJ9,16:10:27,63.1750,3
BRJ9,16:12:05,67.1145,4
BRJ9,16:12:05,69.1080,1
BRJ9,16:12:23,69.1080,1
BRJ9,16:13:42,65.8251,1
BRJ9,16:13:42,69.8145,1
BRJ9,16:13:44,63.1750,1
BRJ9,16:13:44,67.1650,2
BRJ9,16:13:44,63.8400,2
BRJ9,16:13:44,65.8350,2
BRJ9,16:13:44,66.5000,2
BRJ9,16:14:03,69.7935,10
BRJ9,16:14:03,65.8053,10
BRJ9,16:19:16,65.7756,3
BRJ9,16:19:50,65.7954,12
BRJ9,16:19:50,63.1370,2
BRJ9,16:19:50,68.4538,4
BRJ9,16:19:50,69.1184,100
BRJ9,16:19:50,65.1210,4
BRJ9,16:19:50,68.4435,11
BRJ9,16:19:50,69.7725,2
BRJ9,16:19:50,63.1275,13
BRJ9,16:19:50,65.7855,10
BRJ9,16:19:50,65.1210,1
BRJ9,16:19:50,64.4565,20
BRJ9,16:19:50,63.1275,36
BRJ9,16:19:50,67.7790,23
BRJ9,16:19:50,64.4565,39
BRJ9,16:19:50,67.7790,13
BRJ9,16:21:58,68.4229,1
BRJ9,16:22:17,63.7824,2
BRJ9,16:22:17,63.1180,49
BRJ9,16:22:58,65.7459,1
BRJ9,16:23:01,69.7305,49
BRJ9,16:23:01,63.7536,40
BRJ9,16:23:01,66.4100,2
BRJ9,16:23:01,67.0741,9
BRJ9,16:23:01,65.7459,10
BRJ9,16:23:01,65.0818,11
BRJ9,16:23:01,69.7305,4
BRJ9,16:23:01,63.0895,75
BRJ9,16:23:01,64.4177,4
BRJ9,16:23:01,66.4100,96
BRJ9,16:23:28,65.7558,1
BRJ9,16:23:31,63.0990,19
BRJ9,16:23:41,68.4229,4
BRJ9,16:23:41,69.0872,2
BRJ9,16:23:41,66.4300,9
BRJ9,16:24:11,65.0916,3
BRJ9,16:24:52,67.7586,1
BRJ9,16:25:06,63.0990,4
BRJ9,16:25:06,63.0990,1
BRJ9,16:25:14,68.4023,5
BRJ9,16:26:45,63.1085,18
BRJ9,16:26:50,69.7410,1
BRJ9,16:26:50,69.0768,1
BRJ9,16:26:50,67.0842,1
BRJ9,16:26:50,69.7410,1
BRJ9,16:27:06,67.7790,14
BRJ9,16:27:24,65.0916,14
BRJ9,16:27:44,65.7657,4
BRJ9,16:27:44,67.7586,2
BRJ9,16:27:44,65.7657,10
BRJ9,16:27:53,69.0664,5
BRJ9,16:28:41,68.4023,11
BRJ9,16:29:01,68.3920,1
BRJ9,16:29:01,65.7360,5
BRJ9,16:29:01,68.3920,10
BRJ9,16:29:07,63.0705,1
BRJ9,16:29:07,69.7095,10
BRJ9,16:29:07,68.3817,1
BRJ9,16:29:09,64.3983,6
BRJ9,16:29:51,67.0539,10
BRJ9,16:30:00,65.0818,4
BRJ9,16:30:00,63.0895,20
BRJ9,16:30:00,66.4100,4
BRJ9,16:30:00,67.7382,2
BRJ9,16:30:00,68.4023,2
BRJ9,16:30:00,64.4177,2
BRJ9,16:30:00,69.0664,13
BRJ9,16:30:00,69.7305,2
BRJ9,16:30:00,69.0664,2
BRJ9,16:30:00,63.0895,2
BRJ9,16:30:00,65.0818,11
BRJ9,16:30:09,63.7632,2
BRJ9,16:30:58,63.7632,4
BRJ9,16:30:58,66.4200,2
BRJ9,16:30:58,67.7382,4
BRJ9,16:30:58,63.0895,2
BRJ9,16:30:58,67.0741,4
BRJ9,16:30:58,64.4177,4
BRJ9,16:31:07,66.4200,4
BRJ9,16:32:10,64.4274,3
BRJ9,16:32:29,65.7459,4
BRJ9,16:32:45,68.3920,5
BRJ9,16:32:49,66.3900,1
BRJ9,16:33:06,65.7162,5
BRJ9,16:33:06,66.3700,10
BRJ9,16:33:06,63.0515,1
BRJ9,16:33:09,63.0610,1
BRJ9,16:33:12,69.0144,1
BRJ9,16:33:12,66.3600,5
BRJ9,16:33:33,65.6865,1
BRJ9,16:34:42,64.3886,4
BRJ9,16:34:52,66.3700,9
BRJ9,16:34:52,67.0236,2
BRJ9,16:34:52,67.6872,3
BRJ9,16:34:52,66.3600,9
BRJ9,16:35:05,69.6675,2
BRJ9,16:35:14,67.0337,4
BRJ9,16:35:14,69.6885,1
BRJ9,16:35:50,63.0420,3
BRJ9,16:35:53,69.6780,6
BRJ9,16:36:01,67.6770,3
BRJ9,16:36:20,65.0034,5
BRJ9,16:36:27,67.0135,4
BRJ9,16:36:27,63.6960,1
BRJ9,16:36:46,63.6960,2
BRJ9,16:36:46,65.6865,2
BRJ9,16:36:46,64.3595,2
BRJ9,16:36:46,64.3595,1
BRJ9,16:36:46,67.6770,4
BRJ9,16:36:47,67.0236,1
BRJ9,16:37:00,67.6668,1
BRJ9,16:37:04,64.3401,3
BRJ9,16:37:04,65.6667,1
BRJ9,16:37:16,63.6864,1
BRJ9,16:37:16,65.0132,1
BRJ9,16:37:16,64.3498,1
BRJ9,16:37:16,63.0230,1
BRJ9,16:38:15,64.3595,4
BRJ9,16:38:15,65.6865,4
BRJ9,16:38:15,69.0040,2
BRJ9,16:39:45,69.6570,2
BRJ9,16:40:10,66.3300,8
BRJ9,16:40:10,64.3401,2
BRJ9,16:40:37,65.6667,1
BRJ9,16:40:37,68.9832,3
BRJ9,16:40:54,66.3200,1
BRJ9,16:40:54,63.0040,3
BRJ9,16:40:54,68.3096,2
BRJ9,16:40:54,64.3304,1
BRJ9,16:40:54,67.6464,14
BRJ9,16:40:54,66.3100,1
BRJ9,16:40:54,64.9838,3
BRJ9,16:40:55,68.9624,2
BRJ9,16:40:55,68.2993,3
BRJ9,16:40:57,65.6568,1
BRJ9,16:41:12,68.3096,1
BRJ9,16:41:18,69.6255,5
BRJ9,16:41:18,69.6255,2
BRJ9,16:41:18,68.2993,7
BRJ9,16:41:18,68.9520,5
BRJ9,16:41:18,68.9520,9
BRJ9,16:41:18,69.6150,2
BRJ9,16:41:18,68.2890,10
BRJ9,16:41:18,67.6260,5
BRJ9,16:41:18,68.9520,1
BRJ9,16:41:18,68.9520,20
BRJ9,16:41:18,66.9630,2
BRJ9,16:41:18,68.9520,10
BRJ9,16:41:18,68.9520,4
BRJ9,16:41:19,68.2890,2
BRJ9,16:41:19,62.9850,3
BRJ9,16:41:28,64.9642,1
BRJ9,16:41:28,64.3013,1
BRJ9,16:41:29,63.6384,1
BRJ9,16:41:43,68.3199,4
BRJ9,16:41:43,66.3300,2
BRJ9,16:41:43,63.0135,4
BRJ9,16:41:43,65.6667,10
BRJ9,16:41:43,65.0034,4
BRJ9,16:41:43,68.9936,3
BRJ9,16:41:44,67.6770,3
BRJ9,16:41:47,67.6464,1
BRJ9,16:41:52,64.9936,1
BRJ9,16:42:38,64.3110,2
BRJ9,16:43:18,69.6255,1
BRJ9,16:43:22,62.9945,4
BRJ9,16:43:22,62.9945,2
BRJ9,16:43:22,65.6469,7
BRJ9,16:43:51,64.9642,1
BRJ9,16:43:51,67.6158,1
BRJ9,16:43:55,66.3000,2
BRJ9,16:43:59,67.6260,1
BRJ9,16:44:50,65.6667,4
BRJ9,16:44:50,67.6566,1
BRJ9,16:44:52,64.9936,1
BRJ9,16:45:22,68.2787,1
BRJ9,16:45:22,69.6045,2
BRJ9,16:45:32,69.6465,1
BRJ9,16:45:32,65.0034,4
BRJ9,16:45:43,65.0034,4
BRJ9,16:45:43,68.3199,1
BRJ9,16:45:43,67.6566,10
BRJ9,16:45:43,65.6667,5
BRJ9,16:45:43,68.9832,20
BRJ9,16:45:43,63.0135,1
BRJ9,16:45:43,68.9832,4
BRJ9,16:45:43,66.3300,4
BRJ9,16:45:43,67.6566,4
BRJ9,16:45:43,66.9933,2
BRJ9,16:45:43,64.3401,55
BRJ9,16:45:43,63.0135,58
BRJ9,16:45:43,68.3199,50
BRJ9,16:45:43,68.3199,20
BRJ9,16:45:43,65.6667,36
BRJ9,16:45:43,66.3300,4
BRJ9,16:45:43,66.9933,5
BRJ9,16:45:43,67.6566,4
BRJ9,16:45:43,68.3199,1
BRJ9,16:45:43,67.6566,2
BRJ9,16:45:53,66.3200,2
BRJ9,16:45:56,64.3304,8
BRJ9,16:45:56,68.3096,4
BRJ9,16:46:38,66.3300,3
BRJ9,16:46:40,64.3401,1
BRJ9,16:46:45,66.3400,2
BRJ9,16:46:45,67.0034,3
BRJ9,16:46:45,67.6668,4
BRJ9,16:46:45,63.6960,1
BRJ9,16:46:46,64.3401,1
BRJ9,16:47:44,67.6362,1
BRJ9,16:47:54,68.2993,8
BRJ9,16:48:01,62.9755,1
BRJ9,16:48:01,65.6271,1
BRJ9,16:48:01,64.3013,4
BRJ9,16:48:01,69.6045,4
BRJ9,16:48:01,63.6384,4
BRJ9,16:48:01,64.9642,2
BRJ9,16:48:01,68.9416,2
BRJ9,16:48:01,65.6271,4
BRJ9,16:48:01,64.9642,2
BRJ9,16:48:05,68.2787,1
BRJ9,16:48:54,64.9544,1
BRJ9,16:48:54,66.9428,3
BRJ9,16:48:54,66.2800,2
BRJ9,16:49:03,66.9529,5
BRJ9,16:49:03,64.9642,4
BRJ9,16:49:07,67.6158,2
BRJ9,16:49:14,64.9446,1
BRJ9,16:49:14,63.6192,2
BRJ9,16:49:14,64.9446,2
BRJ9,16:49:19,63.6192,2
BRJ9,16:49:19,65.6073,1
BRJ9,16:49:19,62.9470,1
BRJ9,16:49:19,67.5852,1
BRJ9,16:49:19,66.2600,2
BRJ9,16:49:22,69.5730,3
BRJ9,16:49:22,64.9250,1
BRJ9,16:49:22,65.5875,1
BRJ9,16:49:22,63.6000,1
BRJ9,16:49:22,65.5875,1
BRJ9,16:49:22,68.2478,4
BRJ9,16:49:22,62.9470,4
BRJ9,16:49:27,69.5940,2
BRJ9,16:49:27,64.2819,2
BRJ9,16:49:30,64.2916,4
BRJ9,16:49:45,64.9740,5
BRJ9,16:49:45,65.6370,4
BRJ9,16:49:45,62.9850,4
BRJ9,16:49:45,66.9630,4
BRJ9,16:49:45,62.9850,4
BRJ9,16:50:06,66.9428,4
BRJ9,16:50:22,69.5940,4
BRJ9,16:50:22,66.3000,1
BRJ9,16:50:22,68.9520,1
BRJ9,16:50:26,66.2800,3
BRJ9,16:50:26,65.6172,10
BRJ9,16:50:26,69.5940,2
BRJ9,16:50:26,64.2916,1
BRJ9,16:50:26,67.6056,4
BRJ9,16:50:26,66.2700,10
BRJ9,16:50:26,69.5835,4
BRJ9,16:50:26,64.9446,2
BRJ9,16:50:26,64.9446,20
BRJ9,16:50:27,68.2581,4
BRJ9,16:50:34,64.2916,2
BRJ9,16:50:34,63.6288,4
BRJ9,16:51:24,69.5835,7
BRJ9,16:51:24,68.2581,1
BRJ9,16:51:24,68.9208,2
BRJ9,16:51:33,65.6271,4
BRJ9,16:51:34,66.9630,2
BRJ9,16:51:34,62.9850,1
BRJ9,16:51:34,64.3013,4
BRJ9,16:51:34,68.2787,1
BRJ9,16:51:35,68.9208,8
BRJ9,16:52:14,67.6056,5
BRJ9,16:52:15,62.9565,1
BRJ9,16:52:15,64.9446,4
BRJ9,16:52:25,63.6096,1
BRJ9,16:52:31,64.9348,1
BRJ9,16:52:34,62.9375,1
BRJ9,16:52:34,62.9375,1
BRJ9,16:52:34,66.2400,1
BRJ9,16:52:35,66.8923,1
BRJ9,16:52:42,67.5750,2
BRJ9,16:52:42,62.9280,10
BRJ9,16:52:48,63.5808,1
BRJ9,16:52:57,65.5578,1
BRJ9,16:52:57,64.8858,3
BRJ9,16:52:57,63.5616,1
BRJ9,16:52:59,64.8956,4
BRJ9,16:52:59,63.5712,10
BRJ9,16:53:22,63.5712,1
BRJ9,16:53:49,66.2300,1
BRJ9,16:53:51,62.9280,3
BRJ9,16:53:53,67.5546,4
BRJ9,16:54:07,62.9185,4
BRJ9,16:54:07,64.2431,1
BRJ9,16:54:10,66.9024,2
BRJ9,16:54:12,67.5444,5
BRJ9,16:54:14,66.2300,3
BRJ9,16:54:18,65.5578,1
BRJ9,16:54:25,69.5205,1
BRJ9,16:54:25,66.8721,4
BRJ9,16:54:31,64.2237,1
BRJ9,16:54:52,64.2237,3
BRJ9,16:54:54,63.5616,1
BRJ9,16:54:54,64.2237,2
BRJ9,16:54:54,66.8721,6
BRJ9,16:54:54,67.5342,6
BRJ9,16:54:54,64.8858,10
BRJ9,16:54:54,63.5520,1
BRJ9,16:54:54,69.5100,2
BRJ9,16:54:54,68.1860,4
BRJ9,16:54:54,67.5240,2
BRJ9,16:54:54,64.2140,6
BRJ9,16:54:54,64.8760,10
BRJ9,16:54:54,66.8721,2
BRJ9,16:54:54,64.8760,4
BRJ9,16:54:55,63.5712,4
BRJ9,16:54:55,64.8956,1
BRJ9,16:55:06,69.5205,4
BRJ9,16:55:06,62.8995,6
BRJ9,16:55:06,64.2237,7
BRJ9,16:55:06,66.2000,6
BRJ9,16:55:06,68.8480,5
BRJ9,16:55:06,68.8480,4
BRJ9,16:55:06,64.8760,2
BRJ9,16:55:06,62.8900,7
BRJ9,16:55:06,64.2140,10
BRJ9,16:55:06,63.5520,4
BRJ9,16:55:06,66.1900,2
BRJ9,16:55:27,67.5342,1
BRJ9,16:56:12,68.8480,3
BRJ9,16:56:13,66.8620,1
BRJ9,16:56:13,62.8900,10
BRJ9,16:56:13,69.5100,2
BRJ9,16:56:13,63.5520,4
BRJ9,16:56:21,66.8721,4
BRJ9,16:56:21,67.5342,2
BRJ9,16:56:21,66.2200,10
BRJ9,16:56:21,64.2334,2
BRJ9,16:56:30,62.9185,5
BRJ9,16:56:32,66.8923,5
BRJ9,16:56:35,66.9024,5
BRJ9,16:56:35,64.2528,5
BRJ9,16:56:40,64.8858,4
BRJ9,16:56:54,63.5520,1
BRJ9,16:56:54,66.8620,10
BRJ9,16:56:59,67.5342,1
BRJ9,16:57:33,68.8272,1
BRJ9,16:57:33,67.5036,7
BRJ9,16:57:33,63.5328,1
BRJ9,16:57:42,66.1700,1
BRJ9,16:57:58,69.4890,1
BRJ9,16:58:11,64.8466,1
BRJ9,16:58:16,65.5083,1
BRJ9,16:58:21,68.1551,1
BRJ9,16:58:24,68.8168,2
BRJ9,16:58:24,67.4934,3
BRJ9,16:58:30,68.8064,10
BRJ9,16:58:30,65.4984,1
BRJ9,16:58:36,62.8425,19
BRJ9,16:58:36,66.1500,1
BRJ9,16:58:36,64.1655,3
BRJ9,16:58:36,63.5040,5
BRJ9,16:58:36,68.1345,1
BRJ9,16:58:36,65.4885,1
BRJ9,16:58:36,67.4730,1
BRJ9,16:58:38,66.8014,1
BRJ9,16:58:38,64.1558,7
BRJ9,16:58:38,68.7856,2
BRJ9,16:58:46,65.4984,4
BRJ9,16:58:50,64.1849,1
BRJ9,16:59:00,68.1654,1
BRJ9,16:59:25,65.5083,1
BRJ9,16:59:43,67.4934,1
BRJ9,16:59:44,66.8317,12
BRJ9,17:00:00,62.8520,6
BRJ9,17:00:01,64.1655,5
BRJ9,17:00:02,65.4687,3
BRJ9,17:00:02,64.1364,1
BRJ9,17:00:02,64.7976,1
BRJ9,17:00:02,63.4752,1
BRJ9,17:00:02,67.4424,4
BRJ9,17:00:02,68.7648,2
BRJ9,17:00:02,69.4260,5
BRJ9,17:00:03,65.4588,6
BRJ9,17:00:06,66.1300,4
BRJ9,17:00:07,64.1461,4
BRJ9,17:00:07,63.4848,2
BRJ9,17:00:08,67.4322,2
BRJ9,17:00:08,64.7878,8
BRJ9,17:00:08,69.4050,1
BRJ9,17:00:08,69.4050,3
BRJ9,17:00:08,67.4220,3
BRJ9,17:00:08,66.7610,1
BRJ9,17:00:08,62.7950,1
BRJ9,17:00:08,68.7440,7
BRJ9,17:00:08,65.4390,3
BRJ9,17:00:10,66.7610,2
BRJ9,17:00:10,66.1000,4
BRJ9,17:00:10,65.4390,1
BRJ9,17:00:10,68.1036,10
BRJ9,17:00:10,68.7440,1
BRJ9,17:00:18,69.4260,10
BRJ9,17:00:18,66.1200,4
BRJ9,17:00:21,68.7960,20
BRJ9,17:00:23,67.4832,4
BRJ9,17:00:23,63.5136,1
BRJ9,17:00:24,64.1752,20
BRJ9,17:00:24,69.4680,4
BRJ9,17:00:26,62.8710,2
BRJ9,17:00:26,65.5182,5
BRJ9,17:00:26,64.1946,4
BRJ9,17:00:27,66.8620,1
BRJ9,17:00:27,63.5520,1
BRJ9,17:00:27,67.5240,4
