SECID,TRADETIME,PRICE,QUANTITY
AFH9,19:12:30,10142.2000,1
AFH9,19:12:30,10782.7600,1
AFH9,19:38:29,11099.9200,3
AFH9,19:39:07,10673.0000,3
AFH9,19:41:06,10139.3500,2
AFH9,19:41:27,10353.7800,1
AFH9,19:49:45,11119.6800,1
AFH9,19:51:36,10694.0000,1
AFH9,19:51:36,10480.1200,3
AFH9,19:51:36,10160.2500,1
AFH9,19:54:59,10272.0000,5
AFH9,19:55:33,11024.0900,1
AFH9,19:55:33,11132.1600,1
AFH9,19:56:12,11030.2700,1
AFH9,19:56:27,10390.6400,1
AFH9,19:56:50,10500.7000,2
AFH9,19:56:50,10608.8400,3
AFH9,19:57:05,10718.0000,2
AFH9,19:57:05,11257.0500,1
AFH9,19:57:05,10399.3700,2
AFH9,20:21:27,10929.3000,1
AFH9,20:21:56,11050.8700,1
AFH9,20:21:56,10301.7600,3
AFH9,20:21:56,10843.3600,3
AFH9,20:24:46,10525.2000,2
AFH9,20:25:09,10525.2000,3
AFH9,20:26:56,10850.4300,5
AFH9,20:26:56,11173.7600,1
AFH9,20:26:56,11286.4500,1
AFH9,20:26:56,10641.5100,10
AFH9,20:26:56,10965.0000,10
AFH9,20:27:12,10970.1000,5
AFH9,20:27:12,10219.1500,1
AFH9,20:27:12,10221.0500,5
AFH9,20:32:21,10531.0800,5
AFH9,20:32:28,10208.7000,5
AFH9,20:33:39,11283.3000,4
AFH9,20:36:29,11163.3600,3
AFH9,20:36:29,10941.5400,3
AFH9,20:42:16,11150.8800,1
AFH9,20:42:16,10613.7900,3
AFH9,20:42:16,11148.8000,1
AFH9,20:43:51,10612.8000,4
AFH9,20:43:54,10505.6000,6
AFH9,20:51:19,10823.1600,2
AFH9,20:51:19,10607.8500,1
AFH9,21:09:34,11159.2000,1
AFH9,21:18:26,10300.8000,1
AFH9,21:18:26,10300.8000,1
AFH9,21:22:46,10195.4000,4
AFH9,21:57:24,10951.7400,4
AFH9,22:11:22,10641.5100,2
AFH9,22:11:22,10535.0000,1
AFH9,22:11:22,10427.5000,3
AFH9,22:14:54,11164.4000,1
AFH9,22:20:43,10843.3600,1
AFH9,22:36:05,10843.3600,1
AFH9,23:20:49,10210.6000,3
AFH9,23:32:26,10423.6200,3
AFH9,23:32:26,10639.5300,3
AFH9,23:32:26,10318.0800,2
AFH9,23:32:26,10748.0000,3
AFH9,23:32:26,11178.9600,5
AFH9,23:32:26,10535.0000,4
AFH9,23:46:37,10641.5100,1
AFH9,10:00:21,10819.1200,1
AFH9,10:01:02,10609.8300,2
AFH9,10:01:02,10181.1500,1
AFH9,10:01:02,10183.0500,3
AFH9,10:01:02,10933.3800,4
AFH9,10:01:13,10915.0200,1
AFH9,10:01:13,11128.0000,1
AFH9,10:01:13,11235.0000,1
AFH9,10:01:13,10599.9300,2
AFH9,10:01:13,11030.2700,3
AFH9,10:01:13,10387.7300,1
AFH9,10:01:13,10495.8000,4
AFH9,10:01:23,10598.9400,2
AFH9,10:01:23,11138.4000,1
AFH9,10:01:23,10179.2500,9
AFH9,10:01:29,10169.7500,2
AFH9,10:01:31,10924.2000,2
AFH9,10:03:37,11011.7300,1
AFH9,10:03:44,10801.9500,2
AFH9,10:03:44,10481.1000,1
AFH9,10:03:44,10375.1200,1
AFH9,10:06:06,11232.9000,1
AFH9,10:06:53,10376.0900,1
AFH9,10:06:53,10698.0000,9
AFH9,10:08:06,11134.2400,1
AFH9,10:10:06,10911.9600,1
AFH9,10:10:20,10675.0000,1
AFH9,10:10:33,10569.2400,1
AFH9,10:11:33,11209.8000,3
AFH9,10:11:33,10782.7600,1
AFH9,10:11:33,10895.6400,1
AFH9,10:11:33,10895.6400,2
AFH9,10:11:33,10788.8200,2
AFH9,10:12:33,10787.8100,1
AFH9,10:13:40,11001.4300,1
AFH9,10:13:40,10574.1900,15
AFH9,10:13:40,11001.4300,6
AFH9,10:13:40,10787.8100,3
AFH9,10:15:06,10146.9500,1
AFH9,10:15:20,10894.6200,2
AFH9,10:16:05,10787.8100,10
AFH9,10:16:05,10467.3800,8
AFH9,10:16:05,10360.5700,2
AFH9,10:16:05,10253.7600,5
AFH9,10:17:22,10681.0000,5
AFH9,10:17:26,11001.4300,10
AFH9,10:17:35,10894.6200,25
AFH9,10:17:35,10787.8100,2
AFH9,10:17:35,10253.7600,7
AFH9,10:18:06,10482.0800,1
AFH9,10:19:06,11115.5200,1
AFH9,10:22:06,10579.1400,1
AFH9,10:22:52,10372.2100,1
AFH9,10:22:52,10159.3000,2
AFH9,10:23:33,10907.8800,1
AFH9,10:24:06,11010.7000,1
AFH9,10:26:06,11008.6400,1
AFH9,10:29:42,10688.0000,1
AFH9,10:30:38,10478.1600,1
AFH9,10:31:31,11110.3200,1
AFH9,10:32:07,11214.0000,2
AFH9,10:38:33,10679.0000,7
AFH9,10:53:30,10258.5600,1
AFH9,10:54:31,10259.5200,10
AFH9,10:54:31,11006.5800,4
AFH9,10:54:31,11006.5800,1
AFH9,10:54:31,10471.3000,15
AFH9,10:54:31,10256.6400,3
AFH9,10:54:31,10149.8000,2
AFH9,11:03:24,10147.9000,1
AFH9,11:05:04,10460.5200,1
AFH9,11:13:07,10679.0000,1
AFH9,11:13:07,10992.1600,1
AFH9,11:13:53,11205.6000,2
AFH9,11:31:50,10572.2100,3
AFH9,11:35:33,11002.4600,1
AFH9,11:35:33,10361.5400,2
AFH9,11:41:01,10372.2100,1
AFH9,11:41:01,11228.7000,3
AFH9,11:41:01,10694.0000,1
AFH9,11:41:47,10266.2400,2
AFH9,11:45:47,10145.0500,1
AFH9,11:45:47,10676.0000,2
AFH9,11:45:47,10676.0000,3
AFH9,11:45:47,10350.8700,1
AFH9,11:45:48,10355.7200,1
AFH9,11:45:48,10454.6400,1
AFH9,11:45:48,10668.0000,1
AFH9,11:45:50,10656.0000,1
AFH9,11:45:50,11074.9600,1
AFH9,11:45:50,10223.0400,3
AFH9,11:47:06,10437.9800,1
AFH9,11:47:34,10108.0000,1
AFH9,11:47:34,10427.2000,1
AFH9,11:51:52,10114.6500,1
AFH9,11:52:29,10848.7200,1
AFH9,11:52:29,10210.5600,1
AFH9,11:52:29,10527.6600,1
AFH9,11:52:29,10420.3400,3
AFH9,11:52:29,10313.0400,20
AFH9,11:52:29,10629.0000,3
AFH9,11:52:29,10840.5600,3
AFH9,11:52:29,10308.1900,1
AFH9,11:52:29,10839.5400,19
AFH9,11:52:29,10095.6500,3
AFH9,11:52:29,10095.6500,2
AFH9,11:52:29,10414.4600,3
AFH9,11:53:47,10523.7000,1
AFH9,11:58:57,11063.5200,1
AFH9,11:59:02,10413.4800,1
AFH9,11:59:02,10407.6000,1
AFH9,11:59:03,10622.0000,1
AFH9,11:59:03,10197.1200,2
AFH9,12:12:09,10746.4000,2
AFH9,12:14:57,10640.0000,1
AFH9,12:14:57,10640.0000,1
AFH9,12:15:33,10106.1000,1
AFH9,12:15:57,11165.7000,4
AFH9,12:17:49,10958.1700,3
AFH9,12:17:49,10639.0000,1
AFH9,12:17:49,10634.0000,6
AFH9,12:48:05,11193.0000,1
AFH9,12:48:05,10233.6000,3
AFH9,12:48:05,10660.0000,16
AFH9,12:48:06,10660.0000,3
AFH9,12:48:06,10661.0000,7
AFH9,12:50:02,10756.5000,1
AFH9,12:55:26,10450.7200,1
AFH9,12:58:49,10773.6700,1
AFH9,13:02:24,10975.6800,1
AFH9,13:02:24,10760.5400,1
AFH9,13:02:24,10973.6200,3
AFH9,13:02:34,10240.3200,1
AFH9,13:02:34,10133.6500,1
AFH9,13:02:34,10668.0000,4
AFH9,13:02:34,10134.6000,1
AFH9,13:05:07,10342.1400,1
AFH9,13:05:07,10874.2200,3
AFH9,13:05:07,10447.7800,1
AFH9,13:06:27,10980.8300,3
AFH9,13:06:27,10980.8300,8
AFH9,13:07:40,10341.1700,1
AFH9,13:07:40,10340.2000,10
AFH9,13:08:59,10978.7700,5
AFH9,13:09:13,11084.3200,8
AFH9,13:11:10,11188.8000,1
AFH9,13:42:47,10988.0400,1
AFH9,13:42:47,10559.3400,1
AFH9,13:59:05,10137.4500,3
AFH9,13:59:05,11203.5000,3
AFH9,13:59:55,10238.4000,1
AFH9,14:07:53,10573.2000,3
AFH9,14:07:53,10897.6800,5
AFH9,14:07:53,10260.4800,1
AFH9,14:07:53,11222.4000,1
AFH9,14:07:53,10153.6000,2
AFH9,14:07:53,10473.2600,3
AFH9,14:07:53,10365.4200,2
AFH9,14:07:53,11216.1000,5
AFH9,14:12:52,10361.5400,4
AFH9,14:15:50,10885.4400,1
AFH9,14:17:52,10672.0000,1
AFH9,14:31:15,10794.8800,1
AFH9,14:34:36,10574.1900,2
AFH9,14:34:42,10681.0000,2
AFH9,14:34:43,11001.4300,1
AFH9,14:51:02,10478.1600,1
AFH9,14:54:03,10581.1200,1
AFH9,14:55:28,10270.0800,1
AFH9,14:55:28,11023.0600,1
AFH9,14:55:28,10918.0800,1
AFH9,14:55:28,11026.1500,2
AFH9,14:55:49,11233.9500,1
AFH9,14:55:49,10163.1000,4
AFH9,15:00:05,10922.1600,1
AFH9,15:01:26,11027.1800,1
AFH9,15:02:18,10695.0000,1
AFH9,15:07:35,10922.1600,4
AFH9,15:08:00,11244.4500,1
AFH9,15:08:00,10494.8200,2
AFH9,15:08:00,10601.9100,2
AFH9,15:08:38,11040.5700,1
AFH9,15:08:38,11147.7600,10
AFH9,15:08:38,10827.2000,3
AFH9,15:08:38,10722.0000,16
AFH9,15:08:38,11045.7200,5
AFH9,15:08:38,10831.2400,1
AFH9,15:08:38,10831.2400,4
AFH9,15:08:38,10508.5400,3
AFH9,15:08:38,10724.0000,1
AFH9,15:08:38,11151.9200,2
AFH9,15:08:39,10287.3600,1
AFH9,15:08:39,10823.1600,1
AFH9,15:08:39,11036.4500,1
AFH9,15:11:48,10714.0000,1
AFH9,15:11:50,10177.3500,1
AFH9,15:12:15,10934.4000,3
AFH9,15:12:15,10398.4000,1
AFH9,15:12:15,10185.9000,10
AFH9,15:12:15,11043.6600,5
AFH9,15:12:15,11150.8800,2
AFH9,15:12:15,10185.9000,1
AFH9,15:12:15,10936.4400,2
AFH9,15:12:15,10295.0400,3
AFH9,15:12:45,11042.6300,9
AFH9,15:15:39,10505.6000,1
AFH9,15:19:06,10836.2900,3
AFH9,15:19:06,11265.4500,10
AFH9,15:19:06,10300.8000,1
AFH9,15:19:06,11266.5000,8
AFH9,15:19:06,10622.7000,1
AFH9,15:25:19,10844.3700,1
AFH9,15:25:55,10414.8900,6
AFH9,15:26:32,10949.7000,6
AFH9,15:27:04,10735.0000,3
AFH9,15:28:23,10525.2000,1
AFH9,15:30:12,10535.0000,5
AFH9,15:30:12,10857.5000,6
AFH9,15:31:36,10857.5000,9
AFH9,15:31:36,10212.5000,17
AFH9,15:31:39,10320.9600,1
AFH9,15:31:39,10535.9800,1
AFH9,15:31:55,10646.4600,1
AFH9,15:31:55,10540.8800,2
AFH9,15:31:55,10650.4200,2
AFH9,15:31:55,11296.9500,1
AFH9,15:32:06,10222.9500,5
AFH9,15:32:08,10322.8800,1
AFH9,15:33:02,11302.2000,1
AFH9,15:33:02,10553.6200,1
AFH9,15:33:31,10661.3100,6
AFH9,15:33:31,10984.3800,4
AFH9,15:33:31,11093.1000,1
AFH9,15:33:31,10877.7000,1
AFH9,15:33:31,10662.3000,10
AFH9,15:33:31,10342.0800,3
AFH9,15:33:40,10664.2800,3
AFH9,15:33:40,10234.3500,1
AFH9,15:35:15,10987.4400,1
AFH9,15:35:26,10881.7400,1
AFH9,15:35:26,10559.5000,1
AFH9,15:35:48,10247.6500,1
AFH9,15:35:48,10902.9500,1
AFH9,15:35:48,11337.9000,1
AFH9,15:35:49,11009.8800,4
AFH9,15:35:49,10798.0000,2
AFH9,15:35:49,10259.0500,4
AFH9,15:35:50,10681.1100,1
AFH9,15:35:56,11001.7200,1
AFH9,15:39:34,11109.5800,2
AFH9,15:39:59,10360.3200,1
AFH9,15:39:59,10577.1400,3
AFH9,15:39:59,10900.9300,1
AFH9,15:41:14,10469.2100,6
AFH9,15:43:04,11321.1000,1
AFH9,15:43:04,10456.6000,1
AFH9,15:43:05,10879.7200,2
AFH9,15:43:22,10868.6100,4
AFH9,15:43:22,10652.4000,2
AFH9,15:43:22,10544.8000,3
AFH9,15:44:04,10982.3400,2
AFH9,15:44:05,10767.0000,2
AFH9,15:44:55,11088.9800,1
AFH9,15:45:56,10551.6600,1
AFH9,15:46:17,10335.3600,1
AFH9,15:46:17,10336.3200,1
AFH9,15:47:40,10216.3000,1
AFH9,15:48:01,11173.7600,9
AFH9,15:48:16,11191.4400,1
AFH9,15:48:16,10981.3200,2
AFH9,15:48:16,10873.6600,5
AFH9,15:50:21,10546.7600,1
AFH9,15:56:14,10209.6500,3
AFH9,15:56:14,10961.9400,1
AFH9,15:56:14,10853.4600,1
AFH9,15:56:14,10315.2000,5
AFH9,15:56:14,10850.4300,2
AFH9,15:56:14,10204.9000,3
AFH9,15:56:14,11171.6800,5
AFH9,16:01:07,10331.5200,1
AFH9,16:01:07,11193.5200,2
AFH9,16:01:39,11199.7600,1
AFH9,16:01:39,11200.8000,1
AFH9,16:03:28,11298.0000,2
AFH9,16:08:52,10212.5000,1
AFH9,16:08:53,11177.9200,1
AFH9,16:09:07,10224.8500,1
AFH9,16:13:14,10212.5000,2
AFH9,16:15:58,11188.3200,1
AFH9,16:15:58,10650.4200,1
AFH9,16:15:58,10328.6400,1
AFH9,16:19:44,10745.0000,1
AFH9,16:19:44,10526.1800,1
AFH9,16:19:46,10301.7600,1
AFH9,16:19:56,11274.9000,1
AFH9,16:25:08,10311.3600,1
AFH9,16:25:56,10204.9000,1
AFH9,16:25:56,10742.0000,1
AFH9,16:25:56,11175.8400,1
AFH9,16:26:05,10730.0000,1
AFH9,16:30:12,10735.0000,1
AFH9,16:36:09,11200.8000,1
AFH9,16:36:55,10572.2400,1
AFH9,16:38:57,11005.8000,9
AFH9,16:39:01,11103.4000,1
AFH9,16:39:29,10575.1800,5
AFH9,16:39:29,10468.2400,1
AFH9,16:39:29,11331.6000,1
AFH9,16:39:29,10794.0000,3
AFH9,16:39:44,10361.2800,5
AFH9,16:41:44,10687.0500,1
AFH9,16:42:33,11330.5500,1
AFH9,16:43:14,10355.5200,1
AFH9,16:46:37,10779.0000,3
AFH9,16:50:00,10454.6600,1
AFH9,16:50:11,11088.9800,1
AFH9,16:53:05,10338.2400,1
AFH9,16:54:29,10332.4800,1
AFH9,16:56:41,10440.1100,7
AFH9,17:02:43,10466.3000,10
AFH9,17:04:03,10582.0400,5
AFH9,17:04:03,11230.9600,1
AFH9,17:04:03,10908.0000,10
AFH9,17:04:03,10692.0000,1
AFH9,17:04:03,10368.0000,1
AFH9,17:04:03,10476.0000,1
AFH9,17:04:03,11016.0000,1
AFH9,17:04:03,10584.9800,1
AFH9,17:04:03,11342.1000,14
AFH9,17:04:10,10589.8800,1
AFH9,17:05:54,10670.2200,6
AFH9,17:05:54,10993.5600,5
AFH9,17:08:02,10993.5600,1
AFH9,17:08:09,10346.8800,1
AFH9,17:08:09,10346.8800,1
AFH9,17:08:32,10246.7000,10
AFH9,17:08:32,10572.2400,10
AFH9,17:12:23,10241.0000,10
AFH9,17:12:23,10352.6400,3
AFH9,17:12:23,10786.0000,10
AFH9,17:12:23,10249.5500,1
AFH9,17:12:23,10465.3300,3
AFH9,17:12:23,10573.2200,5
AFH9,17:12:23,10901.9400,19
AFH9,17:12:23,11333.7000,3
AFH9,17:12:23,11011.9200,10
AFH9,17:12:23,10259.0500,3
AFH9,17:12:23,10906.9900,1
AFH9,17:12:23,10803.0000,16
AFH9,17:12:23,10696.9500,3
AFH9,17:12:23,11129.1500,1
AFH9,17:12:23,11237.2000,12
AFH9,17:13:19,10573.2200,1
AFH9,17:13:19,11004.7800,3
AFH9,17:13:19,11112.6700,6
AFH9,17:15:01,11113.7000,1
AFH9,17:15:01,11221.6000,7
AFH9,17:15:01,10682.1000,2
AFH9,17:24:31,10674.1800,1
AFH9,17:27:22,10783.0000,8
AFH9,17:27:40,10564.4000,1
AFH9,17:27:40,10456.6000,2
AFH9,17:27:40,10564.4000,3
AFH9,17:28:10,10785.0000,1
AFH9,17:28:11,10245.7500,1
AFH9,17:43:21,10361.2800,1
AFH9,17:43:48,10899.9200,2
AFH9,17:44:05,11332.6500,4
AFH9,17:46:11,11008.8600,1
AFH9,17:46:11,10900.9300,1
AFH9,17:46:11,11224.7200,4
AFH9,17:46:11,11116.7900,2
AFH9,17:46:11,10685.0700,2
AFH9,17:46:11,10577.1400,1
AFH9,17:46:11,10253.3500,1
AFH9,17:46:11,10361.2800,1
AFH9,17:46:12,10577.1400,1
AFH9,17:46:28,11224.7200,1
AFH9,17:48:52,11332.6500,2
AFH9,17:48:52,10361.2800,1
AFH9,17:48:52,10577.1400,16
AFH9,17:48:52,10253.3500,16
AFH9,17:48:52,10243.8500,1
AFH9,17:48:52,10670.2200,1
AFH9,17:48:52,11101.3400,1
AFH9,17:48:53,10451.7500,1
AFH9,17:48:55,10652.4000,1
AFH9,17:49:00,11180.0000,1
AFH9,17:49:01,10530.1000,1
AFH9,17:49:02,10207.7500,2
AFH9,17:49:14,11064.2600,4
AFH9,17:49:14,10311.3600,2
AFH9,17:49:14,10417.8000,1
AFH9,17:49:14,11274.9000,1
AFH9,17:49:15,10519.3200,18
AFH9,17:49:15,10519.3200,2
AFH9,17:49:15,10729.0000,2
AFH9,17:49:15,11050.8700,2
AFH9,17:49:15,10620.7200,1
AFH9,17:49:15,10400.3400,1
AFH9,17:49:16,10296.9600,1
AFH9,17:49:28,11261.2500,1
AFH9,17:49:40,10511.4800,1
AFH9,17:49:40,10183.0500,1
AFH9,17:49:41,10287.3600,1
AFH9,17:49:56,10930.3200,1
AFH9,17:49:56,10392.5800,1
AFH9,17:49:57,10174.5000,4
AFH9,17:50:03,11031.3000,6
AFH9,17:50:03,10281.6000,5
AFH9,17:50:03,10817.1000,8
AFH9,17:50:14,10924.2000,1
AFH9,17:50:19,10817.1000,1
AFH9,17:50:19,11037.4800,1
AFH9,17:50:51,10833.2600,1
AFH9,17:50:58,10730.0000,1
AFH9,17:51:27,10618.7400,15
AFH9,17:51:27,10618.7400,5
AFH9,17:51:27,10833.2600,4
AFH9,17:51:27,10726.0000,3
AFH9,17:51:27,10618.7400,1
AFH9,17:52:10,10624.6800,15
AFH9,17:52:10,10199.2000,1
AFH9,17:53:51,10511.4800,2
AFH9,17:59:47,10398.4000,1
AFH9,17:59:47,10720.0000,1
AFH9,17:59:47,10398.4000,1
AFH9,18:03:14,10197.3000,1
AFH9,18:05:37,11043.6600,2
AFH9,18:05:37,10398.4000,1
AFH9,18:05:37,10184.0000,2
AFH9,18:05:37,10610.8200,1
AFH9,18:06:13,10930.3200,1
AFH9,18:06:13,10287.3600,2
AFH9,18:06:13,10500.7000,1
AFH9,18:06:17,10816.0900,1
AFH9,18:06:17,10920.1200,1
AFH9,18:06:20,11241.3000,1
AFH9,18:06:55,10924.2000,1
AFH9,18:08:09,10270.0800,1
AFH9,18:21:26,10613.7900,1
AFH9,18:23:00,11138.4000,2
AFH9,18:31:25,10707.0000,2
AFH9,18:32:24,11237.1000,1
AFH9,18:32:24,10807.0000,1
AFH9,18:32:24,11017.9100,1
AFH9,18:32:32,10165.0000,1
AFH9,18:34:33,10369.3000,1
AFH9,18:35:10,10581.1200,1
AFH9,18:36:01,10150.7500,1
AFH9,18:36:01,10573.2000,1
AFH9,18:36:01,10358.6300,9
AFH9,18:36:02,10782.7600,1
AFH9,18:36:02,10884.4200,1
AFH9,18:36:09,10558.3500,17
AFH9,18:36:09,10875.2400,2
AFH9,18:36:09,10661.0000,1
AFH9,18:36:09,11084.3200,1
AFH9,18:36:09,10230.7200,3
AFH9,18:36:09,10868.1000,5
AFH9,18:36:09,10867.0800,1
AFH9,18:36:09,10333.4100,2
AFH9,18:36:09,10437.0000,1
AFH9,18:36:09,10330.5000,1
AFH9,18:36:09,10969.5000,10
AFH9,18:36:09,10221.1200,18
AFH9,18:36:09,10112.7500,10
AFH9,18:36:09,11169.9000,17
AFH9,18:36:09,10743.3700,1
AFH9,18:36:09,11166.7500,55
AFH9,18:36:09,11059.3600,1
AFH9,18:36:09,10522.7100,3
AFH9,18:36:09,10735.2900,20
AFH9,18:36:09,10731.2500,1
AFH9,18:36:09,10412.5000,10
AFH9,18:36:09,10874.2200,2
AFH9,18:36:18,10126.0500,2
AFH9,18:36:19,10965.3800,2
AFH9,18:36:19,11070.8000,3
AFH9,18:36:19,10640.0000,3
AFH9,18:36:19,10850.7600,1
AFH9,18:38:20,11090.5600,2
AFH9,18:38:20,10561.3200,20
AFH9,18:38:20,10348.9300,3
AFH9,18:38:20,10884.4200,10
AFH9,18:38:20,10994.2200,3
AFH9,18:38:20,10890.5400,7
AFH9,18:39:34,10463.4600,1
AFH9,18:39:41,10891.5600,2
AFH9,18:39:49,10355.7200,2
AFH9,19:06:29,10149.0000,2
AFH9,19:06:29,10249.4800,1
AFH9,19:06:29,10148.0000,1
AFH9,19:06:29,9740.1600,1
AFH9,19:06:29,10142.0000,1
AFH9,19:06:29,9743.0400,3
AFH9,19:06:29,9946.0200,3
AFH9,19:06:29,9743.0400,3
AFH9,19:06:29,10351.9800,3
AFH9,19:06:29,10149.0000,3
AFH9,19:06:29,9946.0200,3
AFH9,19:06:29,10149.0000,3
AFH9,19:06:29,9946.0200,27
AFH9,19:23:21,9946.0200,1
AFH9,19:54:58,10250.4900,1
AFH9,20:43:44,9759.3600,1
AFH9,21:26:25,10469.9500,1
AFH9,22:17:47,9860.0500,2
AFH9,22:17:47,10572.6400,1
AFH9,22:17:47,10370.3400,1
AFH9,22:17:47,9760.3200,3
AFH9,22:17:47,9763.2000,1
AFH9,23:39:01,10060.3800,2
AFH9,23:39:44,9949.9400,3
AFH9,23:39:44,9947.9800,10
AFH9,10:00:06,9869.7500,1
AFH9,10:01:02,10281.8000,1
AFH9,10:01:02,10590.3200,1
AFH9,10:01:02,9777.6000,1
AFH9,10:01:02,9778.5600,2
AFH9,10:01:02,9985.2200,1
AFH9,10:01:02,10495.7000,1
AFH9,10:01:02,10396.8600,1
AFH9,10:01:02,10604.8800,1
AFH9,10:01:02,9790.0800,1
AFH9,10:01:02,10200.0000,3
AFH9,10:01:13,9775.6800,1
AFH9,10:01:24,9680.5000,10
AFH9,10:01:24,10699.5000,1
AFH9,10:01:24,9887.2100,3
AFH9,10:01:24,10706.8500,1
AFH9,10:02:10,9861.9900,1
AFH9,10:03:06,10480.2500,1
AFH9,10:03:06,10583.0400,3
AFH9,10:03:06,10584.0800,10
AFH9,10:03:06,10685.8500,1
AFH9,10:03:29,9769.9200,32
AFH9,10:03:29,9769.9200,1
AFH9,10:03:31,10380.5400,5
AFH9,10:03:31,9668.1500,5
AFH9,10:03:31,9973.4600,4
AFH9,10:03:31,10482.3100,3
AFH9,10:03:31,10584.0800,1
AFH9,10:03:32,10685.8500,1
AFH9,10:03:39,10081.1700,1
AFH9,10:03:39,10081.1700,1
AFH9,10:04:33,9776.6400,1
AFH9,10:05:01,9769.9200,1
AFH9,10:05:01,10380.5400,3
AFH9,10:06:38,10675.3500,1
AFH9,10:06:38,10370.3400,1
AFH9,10:06:38,10065.3300,2
AFH9,10:07:46,10274.7300,1
AFH9,10:15:18,9861.9900,2
AFH9,10:15:18,10268.6700,1
AFH9,10:15:18,9759.3600,3
AFH9,10:15:18,9961.7000,1
AFH9,10:15:18,10365.2400,5
AFH9,10:15:18,9957.7800,3
AFH9,10:19:11,10384.6200,1
AFH9,10:19:11,9672.9000,1
AFH9,10:48:11,9773.7600,1
AFH9,10:48:11,10488.4900,1
AFH9,10:49:43,10698.4500,1
AFH9,10:49:46,10596.5600,1
AFH9,10:50:16,10087.1100,2
AFH9,10:50:16,9781.4400,1
AFH9,10:50:16,9884.3000,1
AFH9,10:50:16,10495.7000,1
AFH9,10:50:39,10698.4500,1
AFH9,10:50:44,9781.4400,2
AFH9,11:08:30,9679.5500,3
AFH9,11:08:30,10088.1000,1
AFH9,11:11:58,10296.9500,1
AFH9,11:18:31,10500.8500,3
AFH9,11:20:40,9874.6000,1
AFH9,11:20:40,10077.2100,1
AFH9,11:21:04,10385.6400,1
AFH9,11:39:28,9967.5800,1
AFH9,11:39:28,9865.8700,3
AFH9,11:39:28,10577.8400,1
AFH9,11:39:28,10272.7100,2
AFH9,11:39:59,10679.5500,1
AFH9,11:39:59,9662.4500,3
AFH9,11:50:57,9764.1600,1
AFH9,11:53:46,9658.6500,1
AFH9,11:53:46,10369.3200,1
AFH9,11:54:17,10572.6400,2
AFH9,11:54:17,9861.0200,6
AFH9,12:00:04,9865.8700,1
AFH9,12:00:04,9764.1600,1
AFH9,12:00:04,10272.7100,1
AFH9,12:00:04,10180.0000,1
AFH9,12:16:32,9956.8000,3
AFH9,12:17:03,10259.5800,2
AFH9,12:17:04,9849.3800,1
AFH9,12:17:20,9643.4500,1
AFH9,12:17:20,10455.5300,1
AFH9,12:17:20,10150.0000,1
AFH9,12:17:20,9744.0000,5
AFH9,12:17:20,10656.4500,1
AFH9,12:17:20,9641.5500,7
AFH9,12:17:20,9843.5600,1
AFH9,12:17:20,10146.0000,3
AFH9,12:17:20,10550.8000,1
AFH9,12:17:20,10245.4400,8
AFH9,12:17:20,9839.6800,10
AFH9,12:17:20,10245.4400,2
AFH9,12:17:20,10343.8200,1
AFH9,12:17:20,10138.0000,1
AFH9,12:17:20,10138.0000,1
AFH9,12:17:20,9628.2500,1
AFH9,12:17:20,9728.6400,1
AFH9,12:17:20,9726.7200,1
AFH9,12:17:20,9927.4000,1
AFH9,12:17:20,10635.4500,1
AFH9,12:17:20,10027.7100,1
AFH9,12:17:20,10027.7100,1
AFH9,12:17:20,10024.7400,31
AFH9,12:17:21,10125.0000,1
AFH9,12:17:21,10124.0000,1
AFH9,12:17:21,10422.5700,1
AFH9,12:17:21,10420.5100,1
AFH9,12:17:21,9913.6800,1
AFH9,12:17:21,10419.4800,3
AFH9,12:17:21,9709.4400,1
AFH9,12:17:21,9706.5600,2
AFH9,12:17:21,10212.1100,17
AFH9,12:17:21,10111.0000,3
AFH9,12:17:21,10110.0000,1
AFH9,12:17:21,9902.9000,1
AFH9,12:17:21,10230.2900,1
AFH9,12:19:59,10020.7800,1
AFH9,12:22:59,10530.0000,1
AFH9,12:22:59,10631.2500,1
AFH9,12:25:49,10427.7200,1
AFH9,12:26:12,10439.0500,1
AFH9,12:26:12,10540.4000,1
AFH9,12:26:12,10237.3600,3
AFH9,12:28:06,10023.7500,1
AFH9,12:28:06,10631.2500,2
AFH9,12:28:06,9821.2500,2
AFH9,12:28:06,10428.7500,1
AFH9,12:28:06,10023.7500,5
AFH9,12:28:17,10523.7600,1
AFH9,12:33:28,10426.6900,1
AFH9,12:39:22,10121.0000,1
AFH9,12:39:22,10423.6000,1
AFH9,12:41:30,10619.7000,1
AFH9,12:44:05,10013.8500,1
AFH9,12:45:35,10004.9400,1
AFH9,12:45:35,9802.8200,2
AFH9,12:46:30,10008.9000,5
AFH9,12:46:30,10008.9000,1
AFH9,12:49:23,10312.2000,1
AFH9,12:49:23,10211.1000,2
AFH9,12:57:12,9704.6400,1
AFH9,12:57:44,10615.5000,22
AFH9,13:00:11,10211.1000,6
AFH9,13:02:23,9907.8000,4
AFH9,13:02:23,10410.2100,1
AFH9,13:02:28,10307.1000,2
AFH9,13:02:28,10307.1000,1
AFH9,13:02:28,9599.7500,1
AFH9,13:02:28,9902.9000,1
AFH9,13:02:28,9801.8500,2
AFH9,13:02:28,10408.1500,1
AFH9,13:02:30,9902.9000,1
AFH9,13:02:30,10002.9600,1
AFH9,13:02:40,9901.9200,1
AFH9,13:02:50,9900.9400,1
AFH9,13:02:50,10103.0000,1
AFH9,13:02:50,9697.9200,2
AFH9,13:03:46,9904.8600,12
AFH9,13:15:32,9803.7900,10
AFH9,13:15:59,10006.9200,1
AFH9,13:16:14,10412.2700,1
AFH9,13:16:14,9805.7300,1
AFH9,13:19:15,9705.6000,5
AFH9,13:19:17,9806.7000,5
AFH9,13:20:33,10405.0600,1
AFH9,13:20:33,9898.9800,3
AFH9,13:20:33,10302.0000,1
AFH9,13:20:33,10302.0000,1
AFH9,13:20:33,10504.0000,4
AFH9,13:20:34,10100.0000,1
AFH9,13:21:47,10605.0000,3
AFH9,13:32:20,10405.0600,1
AFH9,13:32:47,10405.0600,1
AFH9,13:32:47,10202.0100,3
AFH9,13:40:57,9708.4800,1
AFH9,13:41:04,9612.1000,1
AFH9,13:41:04,9815.4300,1
AFH9,13:41:51,9922.5000,1
AFH9,13:44:58,9824.1600,1
AFH9,13:55:19,10416.3900,2
AFH9,13:56:24,10209.0800,1
AFH9,14:15:40,10306.0800,1
AFH9,14:17:31,9999.0000,1
AFH9,14:17:31,10504.0000,1
AFH9,14:17:31,10302.0000,1
AFH9,14:17:31,10605.0000,1
AFH9,14:17:31,9797.0000,1
AFH9,14:17:31,10403.0000,12
AFH9,14:25:57,9700.8000,1
AFH9,14:27:35,10008.9000,1
AFH9,14:27:41,10416.3900,2
AFH9,14:27:41,9708.4800,1
AFH9,14:31:03,9911.7200,1
AFH9,14:36:11,10422.5700,1
AFH9,14:36:11,10018.8000,1
AFH9,14:36:44,10020.7800,1
AFH9,14:38:00,10122.0000,1
AFH9,14:38:05,10526.8800,1
AFH9,14:38:07,10628.1000,1
AFH9,14:38:07,10628.1000,7
AFH9,14:38:12,10326.4800,1
AFH9,14:38:16,10223.2200,1
AFH9,14:40:52,10526.8800,1
AFH9,14:40:52,9919.5600,2
AFH9,14:40:52,10425.6600,3
AFH9,14:42:06,9619.7000,1
AFH9,14:43:26,9824.1600,1
AFH9,14:47:11,10122.0000,2
AFH9,14:47:11,10223.2200,1
AFH9,14:49:23,10013.8500,1
AFH9,14:49:47,9811.5500,10
AFH9,14:50:08,10111.0000,1
AFH9,14:50:08,10313.2200,1
AFH9,14:50:13,9806.7000,20
AFH9,14:51:08,10209.0800,1
AFH9,14:51:23,10508.1600,1
AFH9,14:51:23,9799.9100,10
AFH9,14:51:23,10607.1000,3
AFH9,14:51:48,9798.9400,2
AFH9,14:52:00,10203.0200,1
AFH9,14:52:14,10304.0400,3
AFH9,14:52:14,10102.0000,7
AFH9,14:52:31,10204.0300,3
AFH9,14:52:31,10608.1500,2
AFH9,14:52:31,10305.0600,10
AFH9,14:54:29,9612.1000,1
AFH9,15:01:13,10106.0000,2
AFH9,15:02:53,10118.0000,1
AFH9,15:02:53,10421.5400,2
AFH9,15:05:39,9810.5800,1
AFH9,15:05:51,10411.2400,3
AFH9,15:05:51,9804.7600,2
AFH9,15:05:51,10108.0000,1
AFH9,15:05:51,10310.1600,2
AFH9,15:06:26,10309.1400,3
AFH9,15:06:35,10005.9300,3
AFH9,15:06:35,9600.7000,6
AFH9,15:08:48,9804.7600,1
AFH9,15:09:55,10513.3600,1
AFH9,15:15:00,9903.8800,1
AFH9,15:15:14,10404.0300,10
AFH9,15:15:19,9896.0400,20
AFH9,15:16:19,10616.5500,1
AFH9,15:16:19,10618.6500,2
AFH9,15:16:53,10504.0000,1
AFH9,15:16:53,10401.9700,3
AFH9,15:16:53,10098.0000,6
AFH9,15:20:48,10004.9400,20
AFH9,15:20:48,10405.0600,1
AFH9,15:20:48,9697.9200,9
AFH9,15:20:48,9596.9000,1
AFH9,15:20:48,10405.0600,10
AFH9,15:20:48,10296.9000,1
AFH9,15:20:48,9792.1500,1
AFH9,15:20:48,10596.6000,1
AFH9,15:20:48,10596.6000,1
AFH9,15:20:48,9889.1800,1
AFH9,15:20:48,10393.7300,1
AFH9,15:20:48,9888.2000,2
AFH9,15:20:48,10190.9000,3
AFH9,15:20:48,9685.4400,1
AFH9,15:20:48,9987.1200,1
AFH9,15:20:48,9684.4800,1
AFH9,15:21:00,9985.1400,1
AFH9,15:21:40,9580.7500,1
AFH9,15:22:07,10284.6600,1
AFH9,15:22:07,9679.6800,2
AFH9,15:22:07,9881.3400,2
AFH9,15:22:13,10289.7600,1
AFH9,15:27:40,10593.4500,1
AFH9,15:30:12,9988.1100,1
AFH9,15:30:15,10189.8900,10
AFH9,15:30:15,10089.0000,1
AFH9,15:30:15,9685.4400,1
AFH9,15:30:15,9887.2200,1
AFH9,15:30:15,10290.7800,2
AFH9,15:30:15,10189.8900,10
AFH9,15:30:15,9786.3300,3
AFH9,15:30:15,10585.0500,1
AFH9,15:30:16,10584.0000,5
AFH9,15:30:16,9576.0000,5
AFH9,15:30:16,9979.2000,10
AFH9,15:30:21,10083.0000,10
AFH9,15:30:35,10579.8000,1
AFH9,15:30:35,9773.7200,1
AFH9,15:30:37,9980.1900,3
AFH9,15:30:37,10484.2400,2
AFH9,15:30:49,10584.0000,1
AFH9,15:35:17,9974.2500,3
AFH9,15:35:40,10084.0000,4
AFH9,15:38:32,9774.6900,1
AFH9,15:38:32,9976.2300,10
AFH9,15:38:53,10177.7700,4
AFH9,15:39:24,10378.2800,3
AFH9,15:39:24,9772.7500,6
AFH9,15:43:36,10179.7900,1
AFH9,15:43:36,10180.8000,3
AFH9,15:43:48,9873.5000,8
AFH9,15:43:48,9772.7500,1
AFH9,15:43:48,9772.7500,1
AFH9,15:43:48,10075.0000,4
AFH9,15:43:48,10075.0000,1
AFH9,15:45:01,9673.9200,1
AFH9,15:49:25,9571.2500,20
AFH9,15:52:30,10578.7500,4
AFH9,15:52:36,9672.0000,30
AFH9,15:52:50,9677.7600,1
AFH9,15:58:05,10387.5500,3
AFH9,16:00:08,10381.3700,1
AFH9,16:02:42,9676.8000,2
AFH9,16:03:23,9571.2500,1
AFH9,16:04:31,10075.0000,1
AFH9,16:04:31,10478.0000,1
AFH9,16:04:31,10578.7500,1
AFH9,16:04:31,10075.0000,2
AFH9,16:04:31,9974.2500,1
AFH9,16:04:31,10075.0000,1
AFH9,16:04:31,10478.0000,10
AFH9,16:04:31,9974.2500,4
AFH9,16:04:31,9671.0400,2
AFH9,16:04:31,9771.7800,3
AFH9,16:04:31,9971.2800,1
AFH9,16:04:31,9566.5000,1
AFH9,16:04:31,9969.3000,5
AFH9,16:04:31,10069.0000,1
AFH9,16:04:31,9565.5500,1
AFH9,16:04:31,10167.6700,1
AFH9,16:04:31,9764.0200,5
AFH9,16:04:31,9862.7200,1
AFH9,16:04:31,9961.3800,1
AFH9,16:04:31,10062.0000,1
AFH9,16:04:31,10462.4000,8
AFH9,16:04:31,10060.0000,2
AFH9,16:04:31,10360.7700,1
AFH9,16:04:31,10158.5800,1
AFH9,16:04:31,10157.5700,1
AFH9,16:04:31,9854.8800,1
AFH9,16:04:31,10256.1000,2
AFH9,16:04:31,9655.6800,1
AFH9,16:04:36,10357.6800,1
AFH9,16:04:36,9655.6800,11
AFH9,16:04:36,10259.1600,1
AFH9,16:04:36,10158.5800,1
AFH9,16:04:36,10359.7400,1
AFH9,16:04:36,10259.1600,1
AFH9,16:04:36,10259.1600,4
AFH9,16:04:36,10460.3200,1
AFH9,16:04:36,9655.6800,1
AFH9,16:04:36,9555.1000,2
AFH9,16:04:36,9756.2600,2
AFH9,16:04:48,9748.5000,10
AFH9,16:04:48,9648.0000,1
AFH9,16:04:48,10251.0000,10
AFH9,16:04:48,10351.5000,1
AFH9,16:04:48,9747.5300,1
AFH9,16:04:48,9648.0000,2
AFH9,16:04:49,10551.4500,1
AFH9,16:04:52,9849.0000,7
AFH9,16:05:02,10344.2900,2
AFH9,16:05:07,10044.0000,1
AFH9,16:05:07,10345.3200,1
AFH9,16:05:07,9642.2400,2
AFH9,16:05:07,9642.2400,2
AFH9,16:05:07,9541.8000,1
AFH9,16:05:07,10244.8800,1
AFH9,16:05:12,10242.8400,1
AFH9,16:05:13,10040.0000,1
AFH9,16:05:13,10347.3800,7
AFH9,16:05:13,9744.6200,10
AFH9,16:05:13,9848.0200,3
AFH9,16:05:13,10249.9800,10
AFH9,16:05:13,10452.0000,19
AFH9,16:05:13,9546.5500,3
AFH9,16:05:13,10251.0000,4
AFH9,16:05:13,9750.4400,1
AFH9,16:05:13,10557.7500,6
AFH9,16:05:13,9954.4500,5
AFH9,16:05:13,9753.3500,6
AFH9,16:05:45,10546.2000,10
AFH9,16:05:46,10558.8000,1
AFH9,16:05:46,9555.1000,1
AFH9,16:06:04,10051.0000,3
AFH9,16:08:31,10262.2200,3
AFH9,16:08:31,10061.0000,1
AFH9,16:08:31,9957.4200,16
AFH9,16:08:43,10473.8400,1
AFH9,16:08:43,10072.0000,1
AFH9,16:08:54,10077.0000,1
AFH9,16:09:09,10369.0100,1
AFH9,16:09:22,9868.6000,1
AFH9,16:11:12,9568.4000,3
AFH9,16:11:12,10374.1600,5
AFH9,16:11:12,9568.4000,2
AFH9,16:20:13,10081.0000,1
AFH9,16:20:15,10188.8800,1
AFH9,16:20:15,9987.1200,1
AFH9,16:20:15,10290.7800,1
AFH9,16:20:15,10592.4000,9
AFH9,16:22:49,10291.8000,1
AFH9,16:22:49,9686.4000,4
AFH9,16:28:34,10190.9000,3
AFH9,16:33:45,10589.2500,1
AFH9,16:33:45,10286.7000,1
AFH9,16:33:45,10488.4000,1
AFH9,16:33:45,9782.4500,1
AFH9,16:36:41,10282.6200,1
AFH9,16:37:54,10081.0000,1
AFH9,16:47:08,10079.0000,1
AFH9,16:47:13,9568.4000,1
AFH9,16:50:58,10567.2000,1
AFH9,16:51:37,9556.0500,8
AFH9,16:59:09,9870.5600,1
AFH9,16:59:09,9569.3500,2
AFH9,17:00:39,9770.8100,1
AFH9,17:03:05,9871.5400,2
AFH9,17:06:07,10156.5600,1
AFH9,17:06:07,10554.6000,2
AFH9,17:06:07,10251.0000,1
AFH9,17:06:07,9748.5000,1
AFH9,17:08:18,9741.7100,1
AFH9,17:08:18,10242.8400,1
AFH9,17:08:54,9738.8000,1
AFH9,17:08:54,10238.7600,1
AFH9,17:09:27,10448.8800,1
AFH9,17:09:27,10048.0000,1
AFH9,17:09:27,9647.0400,7
AFH9,17:09:27,10357.6800,1
AFH9,17:09:31,9851.9400,1
AFH9,17:09:31,10554.6000,3
AFH9,17:09:31,10351.5000,23
AFH9,17:09:31,10246.9200,10
AFH9,17:09:31,9944.5500,3
AFH9,17:09:31,10142.4200,7
AFH9,17:09:31,10142.4200,6
AFH9,17:09:31,9939.6000,1
AFH9,17:09:31,9632.6400,1
AFH9,17:09:56,9849.0000,1
AFH9,17:10:07,10256.1000,3
AFH9,17:10:07,10055.0000,8
AFH9,17:10:12,10156.5600,1
AFH9,17:10:56,9762.0800,1
AFH9,17:13:47,9962.3700,5
AFH9,17:17:39,9656.6400,1
AFH9,17:18:45,10359.7400,1
AFH9,17:23:41,10460.3200,1
AFH9,17:24:51,9954.4500,1
AFH9,17:24:51,9652.8000,1
AFH9,17:24:51,10255.0800,3
AFH9,17:24:51,10248.9600,11
AFH9,17:25:13,9655.6800,1
AFH9,17:32:13,10170.7000,1
AFH9,17:36:31,9767.9000,3
AFH9,17:36:31,10573.5000,1
AFH9,17:36:31,9767.9000,2
AFH9,17:36:31,9969.3000,2
AFH9,17:36:31,9566.5000,1
AFH9,17:36:31,9969.3000,1
AFH9,17:36:31,10070.0000,1
AFH9,17:36:31,9969.3000,2
AFH9,17:36:31,10271.4000,1
AFH9,17:36:45,10463.4400,1
AFH9,17:37:11,10054.0000,1
AFH9,17:40:48,10247.9400,1
AFH9,17:40:48,9745.5900,1
AFH9,17:42:31,10353.5600,2
AFH9,17:50:17,10267.3200,1
AFH9,17:50:18,10573.5000,1
AFH9,17:50:18,10271.4000,25
AFH9,17:50:23,10372.1000,9
AFH9,17:50:26,10170.7000,4
AFH9,17:50:26,9767.9000,2
AFH9,17:50:26,10070.0000,2
AFH9,17:51:35,10372.1000,1
AFH9,17:52:13,10372.1000,10
AFH9,17:52:13,9868.6000,1
AFH9,17:52:13,9667.2000,3
AFH9,17:52:13,9767.9000,3
AFH9,17:52:27,9566.5000,10
AFH9,17:52:32,10070.0000,3
AFH9,17:52:32,10573.5000,3
AFH9,17:52:59,10170.7000,1
AFH9,17:53:04,10271.4000,24
AFH9,17:56:06,10273.4400,1
AFH9,17:56:58,9672.9600,1
AFH9,17:57:02,9576.0000,1
AFH9,17:57:25,9774.6900,10
AFH9,17:57:25,9575.0500,10
AFH9,17:57:25,9576.0000,4
AFH9,18:00:03,10465.5200,1
AFH9,18:10:01,9563.6500,10
AFH9,18:11:30,10575.6000,1
AFH9,18:12:34,10579.8000,1
AFH9,18:12:34,10579.8000,3
AFH9,18:12:34,10479.0400,4
AFH9,18:12:34,10076.0000,5
AFH9,18:15:19,9777.6000,12
AFH9,18:16:46,9882.3200,1
AFH9,18:16:46,9781.4800,3
AFH9,18:16:59,9781.4800,3
AFH9,18:17:09,10589.2500,11
AFH9,18:17:20,9883.3000,16
AFH9,18:17:20,9681.6000,1
AFH9,18:17:20,9580.7500,1
AFH9,18:17:20,10389.6100,1
AFH9,18:17:20,9986.1300,3
AFH9,18:17:20,10185.8500,1
AFH9,18:17:20,9681.6000,1
AFH9,18:18:22,9784.3900,1
AFH9,18:18:22,10288.7400,3
AFH9,18:19:35,9886.2400,1
AFH9,18:19:35,9583.6000,1
AFH9,18:23:49,10576.6500,8
AFH9,18:23:50,10375.1900,1
AFH9,18:23:50,10475.9200,3
AFH9,18:23:50,9972.2700,1
AFH9,18:23:50,9569.3500,2
AFH9,18:23:50,10576.6500,1
AFH9,18:26:05,9670.0800,1
AFH9,18:27:56,9980.1900,1
AFH9,18:29:30,10085.0000,10
AFH9,18:34:59,9873.5000,3
AFH9,18:35:17,10083.0000,2
AFH9,18:37:00,9771.7800,1
AFH9,18:37:00,10375.1900,10
AFH9,18:37:00,9972.2700,1
AFH9,18:41:59,9569.3500,13
AFH9,19:01:24,10478.0000,1
AFH9,19:01:24,10177.7700,1
AFH9,19:01:25,10176.7600,1
AFH9,19:01:59,10179.7900,1
AFH9,19:01:59,10382.4000,1
AFH9,19:02:33,9973.2600,2
AFH9,19:02:44,9770.8100,57
AFH9,19:02:53,9769.8400,1
AFH9,19:03:20,10057.0000,2
AFH9,19:03:20,10558.8000,1
AFH9,19:07:48,10156.5600,2
AFH9,19:07:48,9956.4300,32
AFH9,19:08:32,10157.5700,6
AFH9,19:08:32,10259.1600,3
AFH9,19:10:17,10559.8500,1
AFH9,19:11:42,9870.5600,1
AFH9,19:13:06,9971.2800,1
AFH9,19:13:06,9769.8400,3
AFH9,19:47:51,9971.2800,1
AFH9,19:52:50,10461.3600,2
AFH9,20:01:18,9669.1200,2
AFH9,20:01:18,10576.6500,1
AFH9,20:01:18,9772.7500,3
AFH9,20:32:27,9780.5100,1
AFH9,20:32:27,9781.4800,1
AFH9,20:32:27,9784.3900,1
AFH9,20:32:27,10187.8700,1
AFH9,20:32:27,10389.6100,1
AFH9,20:32:27,10188.8800,1
AFH9,20:34:21,9684.4800,1
AFH9,20:34:21,10593.4500,1
AFH9,20:34:21,9888.2000,1
AFH9,20:34:21,10293.8400,1
AFH9,20:34:22,10193.9300,1
AFH9,20:34:22,10094.0000,1
AFH9,20:34:22,10497.7600,1
AFH9,20:34:22,9894.0800,1
AFH9,20:34:22,9693.1200,1
AFH9,20:34:22,9795.0600,1
AFH9,20:34:22,9694.0800,1
AFH9,20:34:22,9999.0000,1
AFH9,20:34:22,10303.0200,1
AFH9,20:36:26,10505.0400,1
AFH9,20:36:26,10102.0000,1
AFH9,20:36:26,10102.0000,1
AFH9,20:36:26,10002.9600,1
AFH9,20:36:26,9598.8000,1
AFH9,20:36:26,10609.2000,1
AFH9,20:36:26,9801.8500,2
AFH9,20:36:37,9701.7600,1
AFH9,20:36:37,9803.7900,3
AFH9,20:36:37,10209.0800,1
AFH9,20:57:32,10395.7900,1
AFH9,21:04:07,9689.2800,1
AFH9,21:17:50,9790.2100,3
AFH9,21:17:50,10494.6400,10
AFH9,21:17:50,10292.8200,4
AFH9,21:17:50,10592.4000,1
AFH9,21:18:27,10376.2200,3
AFH9,21:18:27,9871.5400,3
AFH9,21:18:27,9971.2800,1
AFH9,21:18:27,9564.6000,3
AFH9,21:18:27,10160.6000,2
AFH9,21:18:27,9556.0500,27
AFH9,21:18:27,9656.6400,3
AFH9,21:18:27,10357.6800,1
AFH9,21:18:28,9552.2500,2
AFH9,21:24:25,10360.7700,3
AFH9,21:30:38,9556.0500,1
AFH9,21:32:32,10159.5900,37
AFH9,21:50:24,9855.8600,1
AFH9,22:18:06,9870.5600,1
AFH9,23:14:15,9983.1600,1
AFH9,23:14:15,9883.3000,2
AFH9,23:43:52,9878.4000,1
AFH9,23:45:14,10382.4000,1
AFH9,23:47:44,9681.6000,1
AFH9,10:00:01,10205.0400,1
AFH9,10:00:02,10307.1000,1
AFH9,10:00:02,10312.2000,1
AFH9,10:00:02,10312.2000,1
AFH9,10:00:02,10213.1200,1
AFH9,10:00:02,9808.6400,1
AFH9,10:00:02,9607.3500,1
AFH9,10:00:02,10417.4200,1
AFH9,10:00:02,9812.5200,1
AFH9,10:00:02,10015.8300,1
AFH9,10:00:02,10016.8200,1
AFH9,10:00:02,10118.0000,3
AFH9,10:00:02,10322.4000,1
AFH9,10:00:02,10019.7900,1
AFH9,10:00:02,9919.5600,1
AFH9,10:00:02,10225.2400,1
AFH9,10:00:02,10022.7600,1
AFH9,10:00:02,10528.9600,3
AFH9,10:00:02,10024.7400,1
AFH9,10:00:02,9824.1600,1
AFH9,10:00:02,9925.4400,3
AFH9,10:00:02,9724.8000,1
AFH9,10:00:02,10130.0000,1
AFH9,10:00:02,10332.6000,1
AFH9,10:00:02,9828.0400,1
AFH9,10:00:02,10031.6700,1
AFH9,10:00:02,10236.3500,1
AFH9,10:00:02,10033.6500,1
AFH9,10:00:02,10136.0000,1
AFH9,10:00:02,10138.0000,1
AFH9,10:00:02,9833.8600,1
AFH9,10:00:02,10139.0000,1
AFH9,10:00:02,10240.3900,1
AFH9,10:00:02,10307.1000,1
AFH9,10:00:02,10220.1900,1
AFH9,10:00:03,9830.9500,1
AFH9,10:00:03,10038.6000,1
AFH9,10:00:09,10144.0000,1
AFH9,10:00:09,10550.8000,1
AFH9,10:00:09,10044.5400,1
AFH9,10:00:13,10556.0000,1
AFH9,10:00:13,10455.5300,1
AFH9,10:00:13,10557.0400,1
AFH9,10:00:13,9950.9200,1
AFH9,10:00:13,10055.4300,1
AFH9,10:00:13,9650.1000,1
AFH9,10:00:13,10554.9600,1
AFH9,10:00:21,10035.6300,2
AFH9,10:00:51,10569.5200,1
AFH9,10:00:51,10265.6400,1
AFH9,10:00:51,10167.0000,1
AFH9,10:00:51,9760.3200,1
AFH9,10:00:51,10579.9200,1
AFH9,10:00:54,10073.2500,1
AFH9,10:00:54,10481.2800,1
AFH9,10:00:54,9668.1500,1
AFH9,10:00:54,10381.5600,1
AFH9,10:00:54,10076.2200,1
AFH9,10:00:54,9979.3400,1
AFH9,10:00:54,9979.3400,1
AFH9,10:00:56,10286.8500,2
AFH9,10:00:56,10696.3500,1
AFH9,10:00:56,10595.5200,1
AFH9,10:00:56,10392.7800,1
AFH9,10:00:56,10294.9300,1
AFH9,10:00:56,10498.7900,1
AFH9,10:00:56,10295.9400,3
AFH9,10:00:56,9990.1200,7
AFH9,10:00:56,10597.6000,2
AFH9,10:00:56,9891.0900,1
AFH9,10:00:56,10707.9000,1
AFH9,10:00:56,10090.0800,2
AFH9,10:00:58,10075.2300,10
AFH9,10:00:58,10268.6700,1
AFH9,10:00:58,10459.6500,3
AFH9,10:00:58,10256.5500,7
AFH9,10:00:58,10239.3800,3
AFH9,10:00:58,10441.1100,77
AFH9,10:00:58,9947.9800,1
AFH9,10:01:04,9644.4000,1
AFH9,10:01:20,9748.8000,10
AFH9,10:01:40,10238.3700,1
AFH9,10:01:46,10033.6500,1
AFH9,10:01:54,10135.0000,1
AFH9,10:02:13,10432.8700,1
AFH9,10:02:13,10633.3500,1
AFH9,10:02:22,9930.3400,1
AFH9,10:02:57,10332.6000,6
AFH9,10:02:57,10028.7000,1
AFH9,10:03:27,10023.7500,2
AFH9,10:03:29,10321.3800,1
AFH9,10:03:29,10119.0000,1
AFH9,10:03:29,9612.1000,1
AFH9,10:04:31,10423.6000,1
AFH9,10:04:49,9612.1000,1
AFH9,10:04:49,9712.3200,9
AFH9,10:05:23,10620.7500,10
AFH9,10:05:30,9825.1300,1
AFH9,10:05:39,10432.8700,1
AFH9,10:05:42,9723.8400,1
AFH9,10:05:44,9825.1300,1
AFH9,10:07:11,10532.0800,1
AFH9,10:07:11,9924.4600,4
AFH9,10:07:11,10329.5400,1
AFH9,10:07:11,10228.2700,2
AFH9,10:07:11,9924.4600,1
AFH9,10:07:14,10430.8100,2
AFH9,10:07:49,10535.2000,2
AFH9,10:07:49,9626.3500,19
AFH9,10:07:49,10033.6500,1
AFH9,10:07:56,10235.3400,3
AFH9,10:07:56,10330.5600,3
AFH9,10:07:56,10127.0000,1
AFH9,10:07:56,10628.1000,3
AFH9,10:07:56,10321.3800,1
AFH9,10:07:56,10220.1900,1
AFH9,10:07:56,9916.6200,15
AFH9,10:08:38,10135.0000,1
AFH9,10:08:38,10642.8000,1
AFH9,10:13:09,10331.5800,1
AFH9,10:13:39,10335.6600,1
AFH9,10:14:11,10236.3500,1
AFH9,10:14:13,10033.6500,1
AFH9,10:14:47,10540.4000,1
AFH9,10:14:47,10339.7400,1
AFH9,10:14:47,10238.3700,9
AFH9,10:15:02,10640.7000,1
AFH9,10:15:02,10438.0200,1
AFH9,10:18:01,9739.2000,1
AFH9,10:19:08,10139.0000,1
AFH9,10:19:08,9733.4400,9
AFH9,10:19:08,10645.9500,6
AFH9,10:23:40,9734.4000,1
AFH9,10:23:40,10345.8600,3
AFH9,10:23:40,10246.4500,1
AFH9,10:23:40,9945.0400,3
AFH9,10:23:40,10252.5100,1
AFH9,10:23:40,10660.6500,3
AFH9,10:23:40,9747.8400,55
AFH9,10:23:40,10256.5500,77
AFH9,10:23:40,10053.4500,2
AFH9,10:23:40,10662.7500,5
AFH9,10:23:40,10562.2400,17
AFH9,10:23:40,10665.9000,3
AFH9,10:23:40,10564.3200,29
AFH9,10:24:49,10553.9200,1
AFH9,10:24:49,10451.4100,2
AFH9,10:24:49,9741.1200,3
AFH9,10:25:40,9936.2200,1
AFH9,10:29:13,10643.8500,1
AFH9,10:31:40,10442.1400,1
AFH9,10:31:40,10240.3900,1
AFH9,10:34:07,10033.6500,1
AFH9,10:56:13,10545.6000,1
AFH9,11:00:54,9932.3000,10
AFH9,11:09:25,9829.9800,1
AFH9,11:09:25,9729.6000,1
AFH9,11:16:59,9629.2000,10
AFH9,11:17:17,10644.9000,1
AFH9,11:17:17,10239.3800,1
AFH9,11:20:58,10439.0500,1
AFH9,11:20:58,10641.7500,1
AFH9,11:23:34,10220.1900,2
AFH9,11:23:34,9714.2400,1
AFH9,11:23:34,10113.0000,1
AFH9,11:23:34,10211.1000,1
AFH9,11:23:35,9907.8000,1
AFH9,11:23:35,10005.9300,1
AFH9,11:23:35,10208.0700,1
AFH9,11:23:35,10610.2500,1
AFH9,11:23:35,9699.8400,1
AFH9,11:23:35,10305.0600,1
AFH9,11:23:35,9595.0000,1
AFH9,11:23:35,9999.0000,1
AFH9,11:23:35,10197.9700,1
AFH9,11:23:35,10601.8500,3
AFH9,11:23:35,10499.8400,1
AFH9,11:23:35,9894.0800,1
AFH9,11:23:35,9690.2400,1
AFH9,11:23:35,9991.0800,3
AFH9,11:23:35,9990.0900,1
AFH9,11:23:35,10594.5000,1
AFH9,11:23:35,9785.3600,1
AFH9,11:23:35,10590.3000,1
AFH9,11:23:35,10590.3000,5
AFH9,11:24:09,10508.1600,1
AFH9,11:24:21,10306.0800,1
AFH9,11:26:21,10408.1500,1
AFH9,11:29:00,9798.9400,3
AFH9,11:31:16,10505.0400,1
AFH9,11:31:16,10201.0000,1
AFH9,11:31:16,9692.1600,1
AFH9,11:31:55,10292.8200,1
AFH9,11:32:44,10390.6400,1
AFH9,11:32:44,9684.4800,1
AFH9,11:32:44,10288.7400,3
AFH9,11:32:44,10489.4400,1
AFH9,11:35:20,9780.5100,10
AFH9,11:40:40,10091.0000,1
AFH9,11:43:15,9901.9200,1
AFH9,11:43:47,9598.8000,5
AFH9,11:51:20,9893.1000,1
AFH9,11:53:14,10198.9800,1
AFH9,11:53:38,10300.9800,1
AFH9,11:54:04,10196.9600,2
AFH9,11:54:18,9591.2000,1
AFH9,11:54:38,10297.9200,1
AFH9,11:54:51,9894.0800,1
AFH9,11:54:51,10600.8000,1
AFH9,11:55:12,10193.9300,1
AFH9,11:55:47,10289.7600,1
AFH9,11:58:14,9981.1800,1
AFH9,12:01:01,10285.6800,1
AFH9,12:01:27,10080.0000,1
AFH9,12:01:27,10381.3700,1
AFH9,12:01:27,10582.9500,1
AFH9,12:02:36,10491.5200,2
AFH9,12:02:36,10289.7600,1
AFH9,12:13:39,10197.9700,1
AFH9,12:30:20,10487.3600,1
AFH9,12:30:20,10386.5200,1
AFH9,12:30:25,10181.8100,1
AFH9,12:31:12,9676.8000,7
AFH9,12:31:12,10584.0000,3
AFH9,12:31:12,9573.1500,1
AFH9,12:31:12,9670.0800,1
AFH9,12:31:12,9972.2700,1
AFH9,12:31:12,9568.4000,1
AFH9,12:31:13,9966.3300,1
AFH9,12:31:13,10167.6700,1
AFH9,12:31:18,9963.3600,10
AFH9,12:32:11,10578.7500,1
AFH9,12:32:11,9571.2500,4
AFH9,12:32:19,10478.0000,1
AFH9,12:32:19,10276.5000,2
AFH9,12:32:19,10276.5000,1
AFH9,12:32:19,10075.0000,1
AFH9,12:34:11,9973.2600,1
AFH9,12:36:25,10278.5400,1
AFH9,12:37:56,10067.0000,1
AFH9,12:38:58,9662.4000,10
AFH9,12:38:58,9763.0500,3
AFH9,12:39:05,10366.9500,1
AFH9,12:39:23,9561.7500,10
AFH9,12:39:23,9863.7000,1
AFH9,12:39:23,9863.7000,1
AFH9,12:39:25,10065.0000,10
AFH9,12:39:25,9863.7000,10
AFH9,12:39:25,10568.2500,4
AFH9,12:44:41,9572.2000,1
AFH9,12:44:44,9977.2200,1
AFH9,12:44:47,10581.9000,1
AFH9,12:48:44,9765.9600,3
AFH9,12:48:44,9664.3200,7
AFH9,12:56:37,10167.6700,1
AFH9,12:56:38,10467.6000,1
AFH9,12:56:38,9662.4000,5
AFH9,12:58:00,9765.9600,1
AFH9,13:01:15,9864.6800,1
AFH9,13:01:16,10062.0000,1
AFH9,13:01:16,10261.2000,1
AFH9,13:01:16,9959.4000,1
AFH9,13:01:16,9657.6000,1
AFH9,13:01:16,10462.4000,2
AFH9,13:01:16,9959.4000,2
AFH9,13:01:16,10462.4000,1
AFH9,13:01:16,9858.8000,1
AFH9,13:01:16,9959.4000,1
AFH9,13:01:16,9959.4000,1
AFH9,13:02:56,10064.0000,3
AFH9,13:02:56,9762.0800,7
AFH9,13:03:25,9757.2300,1
AFH9,13:03:25,10260.1800,1
AFH9,13:03:48,9958.4100,8
AFH9,13:04:51,10563.0000,1
AFH9,13:04:52,9758.2000,4
AFH9,13:05:10,9856.8400,3
AFH9,13:05:20,9555.1000,1
AFH9,13:05:20,9957.4200,1
AFH9,13:06:20,9554.1500,2
AFH9,13:06:20,9653.7600,1
AFH9,13:06:20,10558.8000,1
AFH9,13:06:20,10156.5600,1
AFH9,13:06:20,10358.7100,1
AFH9,13:06:20,9954.4500,2
AFH9,13:06:20,10155.5500,1
AFH9,13:06:20,10055.0000,1
AFH9,13:06:20,9652.8000,1
AFH9,13:06:20,10153.5300,1
AFH9,13:06:44,10054.0000,5
AFH9,13:06:48,9651.8400,5
AFH9,13:08:45,10264.2600,4
AFH9,13:09:12,10563.0000,1
AFH9,13:09:53,9858.8000,1
AFH9,13:09:53,10160.6000,1
AFH9,13:10:18,10374.1600,1
AFH9,13:10:38,9655.6800,3
AFH9,13:11:13,9556.0500,10
AFH9,13:11:33,9553.2000,1
AFH9,13:11:40,10167.6700,1
AFH9,13:11:40,9563.6500,9
AFH9,13:11:42,9562.7000,10
AFH9,13:11:46,9764.9900,5
AFH9,13:11:48,10067.0000,5
AFH9,13:14:12,10455.1200,3
AFH9,13:14:12,9849.9800,2
AFH9,13:14:26,10457.2000,10
AFH9,13:18:01,9655.6800,1
AFH9,13:18:34,10575.6000,1
AFH9,13:18:35,10279.5600,2
AFH9,13:18:35,10079.0000,2
AFH9,13:29:45,10063.0000,10
AFH9,13:32:33,9962.3700,3
AFH9,13:32:36,10364.8900,1
AFH9,13:32:36,10565.1000,1
AFH9,13:32:41,10062.0000,2
AFH9,13:32:44,10464.4800,2
AFH9,13:32:47,9557.9500,1
AFH9,13:32:47,9859.7800,1
AFH9,13:32:49,10465.5200,2
AFH9,13:32:53,10063.0000,8
AFH9,13:32:57,10564.0500,10
AFH9,13:33:20,9557.9500,5
AFH9,13:33:34,10463.4400,5
AFH9,13:33:39,9759.1700,10
AFH9,13:33:52,9656.6400,4
AFH9,13:35:30,9759.1700,9
AFH9,13:36:08,9656.6400,5
AFH9,13:37:44,9654.7200,3
AFH9,13:37:50,10357.6800,1
AFH9,13:37:54,9652.8000,10
AFH9,13:38:20,10254.0600,2
AFH9,13:38:20,10053.0000,1
AFH9,13:42:55,9554.1500,2
AFH9,13:44:18,10570.3500,1
AFH9,13:44:18,9564.6000,1
AFH9,13:44:18,9765.9600,1
AFH9,13:44:18,9866.6400,1
AFH9,13:44:18,10269.3600,1
AFH9,13:44:18,10068.0000,1
AFH9,13:44:18,9765.9600,1
AFH9,13:44:58,10372.1000,5
AFH9,13:44:58,9769.8400,1
AFH9,13:48:47,10377.2500,1
AFH9,13:49:11,9974.2500,1
AFH9,13:49:24,10385.4900,1
AFH9,13:49:24,9680.6400,3
AFH9,13:49:24,10487.3600,6
AFH9,13:49:24,9778.5700,1
AFH9,13:49:24,9579.8000,10
AFH9,13:49:24,9879.3800,1
AFH9,13:49:24,10487.3600,10
AFH9,13:49:24,9781.4800,4
AFH9,13:49:24,10388.5800,1
AFH9,13:49:24,9582.6500,1
AFH9,13:49:24,10188.8800,1
AFH9,13:49:24,10289.7600,2
AFH9,13:49:53,9573.1500,1
AFH9,13:50:11,10073.0000,1
AFH9,13:50:40,9769.8400,1
AFH9,13:56:12,9764.9900,1
AFH9,13:56:12,10164.6400,2
AFH9,14:05:04,9764.0200,1
AFH9,14:05:22,10158.5800,2
AFH9,14:06:14,9754.3200,1
AFH9,14:06:14,10556.7000,1
AFH9,14:06:15,10253.0400,2
AFH9,14:06:15,9849.9800,2
AFH9,14:06:15,10352.5300,1
AFH9,14:06:15,10151.5100,1
AFH9,14:06:15,9849.9800,3
AFH9,14:06:15,9950.4900,1
AFH9,14:08:07,10264.2600,5
AFH9,14:09:55,9559.8500,3
AFH9,14:10:00,9763.0500,1
AFH9,14:10:02,9668.1600,1
AFH9,14:10:02,10165.6500,1
AFH9,14:10:05,10568.2500,1
AFH9,14:14:03,10467.6000,7
AFH9,14:14:03,10061.0000,1
AFH9,14:14:03,10160.6000,3
AFH9,14:14:03,10462.4000,10
AFH9,14:14:03,9853.9000,9
AFH9,14:14:04,10564.0500,1
AFH9,14:19:10,9960.3900,2
AFH9,14:19:10,10463.4400,3
AFH9,14:19:10,10262.2200,3
AFH9,14:19:10,9557.9500,1
AFH9,14:19:10,9859.7800,1
AFH9,14:22:18,10272.4200,4
AFH9,14:22:18,9568.4000,1
AFH9,14:22:18,10280.5800,3
AFH9,14:22:18,9877.4200,2
AFH9,14:22:18,9877.4200,1
AFH9,14:22:18,10381.3700,1
AFH9,14:22:18,10582.9500,2
AFH9,14:22:18,9675.8400,1
AFH9,14:22:18,9575.0500,1
AFH9,14:27:14,10156.5600,1
AFH9,14:28:13,10346.3500,5
AFH9,14:28:40,10050.0000,1
AFH9,14:29:11,10062.0000,1
AFH9,14:29:11,10466.5600,2
AFH9,14:30:53,9558.9000,1
AFH9,14:30:57,10163.6300,1
AFH9,14:30:59,9560.8000,1
AFH9,14:31:51,9554.1500,1
AFH9,14:31:51,10459.2800,1
AFH9,14:31:51,10258.1400,1
AFH9,14:31:51,9856.8400,3
AFH9,14:31:51,9856.8400,5
AFH9,14:31:51,10259.1600,6
AFH9,14:31:51,10359.7400,2
AFH9,14:31:51,10259.1600,2
AFH9,14:31:51,10060.0000,2
AFH9,14:31:51,10563.0000,13
AFH9,14:32:09,9556.0500,4
AFH9,14:32:11,10461.3600,4
AFH9,14:32:19,9965.3400,1
AFH9,14:37:20,9959.4000,1
AFH9,14:38:09,10258.1400,2
AFH9,14:40:10,9656.6400,5
AFH9,14:40:10,10357.6800,3
AFH9,14:40:10,9652.8000,1
AFH9,14:41:02,10455.1200,2
AFH9,14:41:43,9550.3500,2
AFH9,14:41:43,10554.6000,1
AFH9,14:41:43,10453.0400,3
AFH9,14:41:43,9950.4900,4
AFH9,14:42:20,9552.2500,10
AFH9,14:43:43,10569.3000,1
AFH9,14:43:43,10268.3400,1
AFH9,14:43:43,10369.0100,1
AFH9,14:43:43,9967.3200,17
AFH9,14:48:30,9766.9300,1
AFH9,14:51:19,10355.6200,1
AFH9,14:51:19,10253.0400,1
AFH9,14:51:19,10453.0400,3
AFH9,14:51:19,9547.5000,10
AFH9,14:51:19,9946.5300,10
AFH9,14:58:59,9547.5000,1
AFH9,14:59:00,9648.0000,1
AFH9,14:59:04,9849.0000,1
AFH9,14:59:08,9748.5000,1
AFH9,14:59:11,9849.0000,1
AFH9,14:59:25,9546.5500,1
AFH9,14:59:27,9848.0200,1
AFH9,15:00:19,10255.0800,1
AFH9,15:00:22,9853.9000,1
AFH9,15:01:34,9951.4800,10
AFH9,15:08:00,9739.7700,1
AFH9,15:18:18,9840.1800,1
AFH9,15:26:55,10557.7500,1
AFH9,15:26:55,9552.2500,1
AFH9,15:26:55,9552.2500,2
AFH9,15:27:24,10256.1000,5
AFH9,15:27:24,9954.4500,2
AFH9,15:27:24,9853.9000,3
AFH9,15:27:24,9552.2500,3
AFH9,15:27:24,9853.9000,4
AFH9,15:27:24,9753.3500,1
AFH9,15:27:24,9652.8000,1
AFH9,15:27:24,10457.2000,1
AFH9,15:28:08,9759.1700,30
AFH9,15:30:50,9760.1400,2
AFH9,15:36:36,10061.0000,2
AFH9,15:36:36,10263.2400,5
AFH9,15:36:36,10263.2400,2
AFH9,15:36:36,9558.9000,1
AFH9,15:42:54,10061.0000,1
AFH9,15:42:54,10161.6100,3
AFH9,15:42:54,10262.2200,2
AFH9,15:42:54,9859.7800,7
AFH9,15:42:54,10564.0500,1
AFH9,15:42:54,10161.6100,1
AFH9,15:43:22,9759.1700,1
AFH9,15:43:22,10564.0500,1
AFH9,15:43:22,9759.1700,3
AFH9,15:43:22,10161.6100,1
AFH9,15:43:22,10362.8300,3
AFH9,15:43:51,9960.3900,2
AFH9,15:43:51,10564.0500,2
AFH9,15:43:51,9557.9500,2
AFH9,15:43:51,10262.2200,2
AFH9,15:46:59,9758.2000,1
AFH9,15:46:59,9557.0000,10
AFH9,15:46:59,9557.0000,1
AFH9,15:47:59,9758.2000,4
AFH9,15:47:59,9557.0000,15
AFH9,15:47:59,9657.6000,5
AFH9,15:49:12,9759.1700,3
AFH9,15:49:12,9658.5600,1
AFH9,15:49:12,10061.0000,1
AFH9,15:49:12,10161.6100,1
AFH9,15:49:12,9859.7800,1
AFH9,15:49:12,10362.8300,2
AFH9,15:49:12,9658.5600,1
AFH9,15:49:12,9759.1700,1
AFH9,15:49:12,9759.1700,3
AFH9,15:49:12,10262.2200,1
AFH9,15:49:12,9557.9500,3
AFH9,15:53:09,10357.6800,11
AFH9,15:53:09,10357.6800,1
AFH9,15:53:09,10357.6800,2
AFH9,15:53:09,9955.4400,2
AFH9,15:53:09,9955.4400,1
AFH9,15:53:09,10558.8000,1
AFH9,15:53:09,10056.0000,2
AFH9,15:53:09,9854.8800,1
AFH9,15:53:09,9854.8800,3
AFH9,15:53:09,10257.1200,3
AFH9,15:53:09,9754.3200,1
AFH9,15:53:09,9553.2000,1
AFH9,15:53:23,9648.9600,1
AFH9,15:53:56,10362.8300,1
AFH9,15:54:40,9553.2000,1
AFH9,15:54:40,10457.2000,3
AFH9,15:54:40,10354.5900,1
AFH9,15:57:40,9652.8000,7
AFH9,15:57:40,10356.6500,1
AFH9,15:57:40,10256.1000,1
AFH9,15:58:37,9753.3500,1
AFH9,16:04:50,9953.4600,1
AFH9,16:04:58,9752.3800,1
AFH9,16:04:59,10154.5400,1
AFH9,16:05:03,9553.2000,1
AFH9,16:05:43,9954.4500,1
AFH9,16:07:41,10153.5300,1
AFH9,16:07:41,10254.0600,1
AFH9,16:07:41,10555.6500,1
AFH9,16:07:41,10153.5300,1
AFH9,16:09:58,9851.9400,2
AFH9,16:09:58,10555.6500,20
AFH9,16:11:32,9646.0800,1
AFH9,16:11:50,9847.0400,2
AFH9,16:11:50,9847.0400,2
AFH9,16:11:50,10449.9200,1
AFH9,16:11:50,9947.5200,2
AFH9,16:11:50,9847.0400,2
AFH9,16:11:50,10349.4400,1
AFH9,16:11:50,10048.0000,2
AFH9,16:11:55,10348.4100,10
AFH9,16:14:01,9745.5900,8
AFH9,16:14:04,10247.9400,1
AFH9,16:14:04,10247.9400,2
AFH9,16:14:04,9544.6500,2
AFH9,16:14:25,10148.4800,6
AFH9,16:14:26,10449.9200,8
AFH9,16:14:26,9947.5200,1
AFH9,16:16:11,9745.5900,6
AFH9,16:16:11,10348.4100,1
AFH9,16:16:11,10147.4700,2
AFH9,16:16:11,10247.9400,11
AFH9,16:16:11,9645.1200,1
AFH9,16:16:11,9745.5900,3
AFH9,16:16:12,9539.9000,1
AFH9,16:16:34,9939.6000,5
AFH9,16:16:34,10542.0000,1
AFH9,16:16:34,10341.2000,1
AFH9,16:16:34,9638.4000,1
AFH9,16:16:34,10542.0000,2
AFH9,16:16:34,10436.4000,1
AFH9,16:16:35,10436.4000,1
AFH9,16:16:53,10448.8800,1
AFH9,16:16:56,10049.0000,1
AFH9,16:17:30,10148.4800,1
AFH9,16:17:30,9546.5500,4
AFH9,16:17:45,9748.5000,1
AFH9,16:17:45,10351.5000,6
AFH9,16:17:45,10050.0000,1
AFH9,16:17:45,10552.5000,1
AFH9,16:18:00,9949.5000,1
AFH9,16:18:00,10150.5000,2
AFH9,16:18:00,9748.5000,2
AFH9,16:18:00,9648.0000,1
AFH9,16:18:00,9547.5000,2
AFH9,16:18:00,9748.5000,2
AFH9,16:18:00,10552.5000,23
AFH9,16:18:00,9648.0000,3
AFH9,16:18:00,10050.0000,3
AFH9,16:18:00,10150.5000,2
AFH9,16:18:00,9949.5000,1
AFH9,16:18:46,10456.1600,2
AFH9,16:18:46,10356.6500,10
AFH9,16:18:53,9552.2500,13
AFH9,16:18:53,10356.6500,1
AFH9,16:18:53,9652.8000,4
AFH9,16:18:53,9753.3500,1
AFH9,16:18:53,9954.4500,1
AFH9,16:18:53,10257.1200,1
AFH9,16:18:53,9554.1500,1
AFH9,16:19:16,9656.6400,1
AFH9,16:19:16,10059.0000,2
AFH9,16:19:16,10461.3600,1
AFH9,16:19:16,9656.6400,1
AFH9,16:19:16,10260.1800,1
AFH9,16:19:16,9556.0500,2
AFH9,16:19:21,9556.0500,1
AFH9,16:19:22,10059.0000,1
AFH9,16:20:44,10362.8300,11
AFH9,16:20:44,9960.3900,1
AFH9,16:22:48,10559.8500,3
AFH9,16:22:48,9855.8600,2
AFH9,16:22:48,10258.1400,45
AFH9,16:23:28,10167.6700,1
AFH9,16:23:28,10470.7200,9
AFH9,16:25:38,10571.4000,1
AFH9,16:27:33,10063.0000,12
AFH9,16:27:33,10264.2600,1
AFH9,16:27:56,9849.9800,14
AFH9,16:28:35,10556.7000,3
AFH9,16:28:35,10556.7000,1
AFH9,16:28:35,10053.0000,16
AFH9,16:29:11,10572.4500,3
AFH9,16:29:11,10170.7000,9
AFH9,16:29:43,9764.9900,2
AFH9,16:29:43,9764.9900,2
AFH9,16:30:10,10065.0000,1
AFH9,16:30:10,9662.4000,2
AFH9,16:36:57,10557.7500,2
AFH9,16:36:57,10555.6500,1
AFH9,16:36:57,9948.5100,3
AFH9,16:36:57,10549.3500,1
AFH9,16:36:58,9853.9000,1
AFH9,16:51:16,10260.1800,13
AFH9,16:51:20,10461.3600,1
AFH9,16:51:20,10159.5900,5
AFH9,16:55:51,10371.0700,1
AFH9,16:55:51,10472.8000,1
AFH9,16:55:51,10271.4000,1
AFH9,16:55:51,9769.8400,1
AFH9,16:55:51,10074.0000,3
AFH9,16:55:51,9571.2500,1
AFH9,16:55:52,9977.2200,1
AFH9,16:55:52,10079.0000,1
AFH9,16:55:52,9575.0500,38
AFH9,16:56:10,9885.2600,1
AFH9,16:56:10,9583.6000,1
AFH9,16:56:10,10492.5600,3
AFH9,16:56:10,10593.4500,10
AFH9,16:57:44,9690.2400,3
AFH9,16:57:44,10094.0000,5
AFH9,16:57:44,9589.3000,2
AFH9,16:57:44,10398.8800,2
AFH9,17:01:40,9883.3000,1
AFH9,17:05:42,10193.9300,2
AFH9,17:05:42,9894.0800,1
AFH9,17:05:42,10499.8400,2
AFH9,17:06:33,10387.5500,1
AFH9,17:10:29,9681.6000,1
AFH9,17:10:29,9884.2800,1
AFH9,17:10:29,10398.8800,1
AFH9,17:11:33,9692.1600,1
AFH9,17:11:48,9692.1600,1
AFH9,17:11:52,9793.1200,1
AFH9,17:11:59,10499.8400,1
AFH9,17:13:15,10094.0000,1
AFH9,17:14:20,10085.0000,8
AFH9,17:14:22,10284.6600,1
AFH9,17:14:25,9893.1000,1
AFH9,17:15:36,10096.0000,1
AFH9,17:16:19,10298.9400,1
AFH9,17:18:30,9983.1600,1
AFH9,17:18:30,9578.8500,2
AFH9,17:18:30,10483.2000,1
AFH9,17:18:30,10179.7900,6
AFH9,17:18:30,9877.4200,1
AFH9,17:18:30,9574.1000,3
AFH9,17:18:30,9774.6900,16
AFH9,17:25:09,10279.5600,3
AFH9,17:25:09,9672.0000,3
AFH9,17:25:37,9672.0000,9
AFH9,17:26:13,10075.0000,10
