SECID,TRADETIME,PRICE,QUANTITY
MMH9,19:05:00,2400.6240,1
MMH9,19:05:03,2477.0295,5
MMH9,19:05:03,2601.8200,13
MMH9,19:05:03,2401.6800,2
MMH9,19:05:03,2501.7500,15
MMH9,19:05:03,2476.7325,15
MMH9,19:05:03,2527.0705,5
MMH9,19:05:03,2627.4675,8
MMH9,19:05:03,2527.3735,7
MMH9,19:05:03,2627.5725,5
MMH9,19:05:03,2527.6260,2
MMH9,19:05:03,2452.6460,1
MMH9,19:05:03,2377.6125,8
MMH9,19:05:03,2552.3970,5
MMH9,19:05:03,2577.4205,10
MMH9,19:05:04,2552.3460,5
MMH9,19:05:04,2577.2145,1
MMH9,19:05:04,2376.9950,1
MMH9,19:05:04,2601.7160,5
MMH9,19:05:04,2552.0910,3
MMH9,19:05:04,2376.6625,15
MMH9,19:05:04,2501.8000,1
MMH9,19:05:04,2376.6625,1
MMH9,19:05:04,2451.7150,28
MMH9,19:05:04,2501.6500,5
MMH9,19:05:04,2551.5300,1
MMH9,19:05:05,2375.9975,1
MMH9,19:05:05,2550.9690,1
MMH9,19:05:05,2626.2075,5
MMH9,19:05:05,2526.1615,1
MMH9,19:05:05,2601.1960,1
MMH9,19:05:07,2451.1270,3
MMH9,19:05:07,2501.1500,1
MMH9,19:05:07,2451.1270,1
MMH9,19:05:09,2551.3770,15
MMH9,19:05:10,2526.2120,1
MMH9,19:05:11,2526.2120,1
MMH9,19:05:16,2626.2075,1
MMH9,19:05:21,2427.0855,6
MMH9,19:05:23,2452.1070,9
MMH9,19:05:23,2402.0640,15
MMH9,19:05:23,2452.1070,6
MMH9,19:05:23,2377.0425,9
MMH9,19:05:23,2377.0425,6
MMH9,19:05:23,2602.2360,15
MMH9,19:05:24,2552.2440,1
MMH9,19:05:24,2527.2220,12
MMH9,19:05:29,2476.9800,4
MMH9,19:05:42,2453.5770,1
MMH9,19:05:48,2553.0600,1
MMH9,19:05:49,2578.0900,16
MMH9,19:06:10,2452.9400,1
MMH9,19:06:10,2427.9100,1
MMH9,19:06:13,2503.0500,5
MMH9,19:06:13,2377.8025,2
MMH9,19:06:52,2603.1720,1
MMH9,19:06:52,2553.1620,1
MMH9,19:06:53,2578.3990,1
MMH9,19:06:54,2603.3800,15
MMH9,19:06:54,2453.1850,15
MMH9,19:06:54,2603.3800,15
MMH9,19:07:01,2528.4340,1
MMH9,19:07:01,2428.2495,4
MMH9,19:07:01,2603.5880,1
MMH9,19:07:01,2528.5855,5
MMH9,19:07:01,2478.5145,10
MMH9,19:07:02,2553.7740,1
MMH9,19:07:28,2478.2175,1
MMH9,19:07:29,2603.2760,5
MMH9,19:07:32,2503.5500,15
MMH9,19:07:32,2378.8000,1
MMH9,19:07:32,2503.9000,1
MMH9,19:07:36,2554.3350,10
MMH9,19:07:37,2429.1225,10
MMH9,19:07:37,2479.2075,10
MMH9,19:07:49,2453.3320,1
MMH9,19:07:49,2628.6225,1
MMH9,19:07:49,2503.5500,1
MMH9,19:07:49,2628.7800,1
MMH9,19:07:49,2453.5770,1
MMH9,19:07:49,2378.4675,5
MMH9,19:07:49,2553.7740,1
MMH9,19:07:49,2453.6750,1
MMH9,19:07:49,2578.9140,1
MMH9,19:07:49,2453.7240,5
MMH9,19:07:49,2378.6575,1
MMH9,19:07:49,2579.0170,1
MMH9,19:07:49,2579.0685,1
MMH9,19:07:49,2403.7920,4
MMH9,19:08:01,2578.2960,1
MMH9,19:08:01,2378.2775,1
MMH9,19:08:33,2453.5280,3
MMH9,19:08:44,2503.8500,1
MMH9,19:08:45,2403.8400,1
MMH9,19:08:45,2629.0425,1
MMH9,19:08:45,2629.0425,1
MMH9,19:08:48,2629.0425,1
MMH9,19:08:52,2478.9105,5
MMH9,19:08:53,2503.9500,5
MMH9,19:08:56,2378.7525,1
MMH9,19:09:02,2528.7370,1
MMH9,19:09:46,2502.6000,2
MMH9,19:10:40,2377.8025,1
MMH9,19:10:40,2552.8560,1
MMH9,19:10:40,2477.5740,1
MMH9,19:10:40,2627.5200,1
MMH9,19:10:41,2402.1120,1
MMH9,19:10:54,2602.7040,5
MMH9,19:11:51,2400.3360,4
MMH9,19:11:52,2625.3675,1
MMH9,19:11:52,2375.5225,8
MMH9,19:11:52,2425.5335,7
MMH9,19:11:52,2425.5335,15
MMH9,19:11:52,2450.5390,15
MMH9,19:11:52,2625.5775,13
MMH9,19:11:52,2525.5555,1
MMH9,19:11:52,2625.5775,1
MMH9,19:12:01,2475.5445,1
MMH9,19:12:01,2575.5150,5
MMH9,19:12:01,2425.4365,1
MMH9,19:12:01,2450.3430,4
MMH9,19:12:04,2525.4040,1
MMH9,19:12:05,2500.3500,2
MMH9,19:12:05,2475.2970,2
MMH9,19:12:11,2374.7625,1
MMH9,19:12:12,2424.6120,1
MMH9,19:12:21,2624.3700,2
MMH9,19:12:21,2374.4300,13
MMH9,19:12:21,2499.4000,2
MMH9,19:12:21,2424.4180,13
MMH9,19:12:21,2374.4300,6
MMH9,19:12:21,2374.4300,1
MMH9,19:12:21,2624.3700,8
MMH9,19:12:21,2624.3700,15
MMH9,19:12:21,2549.4390,1
MMH9,19:12:21,2449.4120,1
MMH9,19:12:21,2524.3435,1
MMH9,19:12:21,2524.2930,5
MMH9,19:12:21,2449.1670,5
MMH9,19:12:21,2474.0100,1
MMH9,19:12:21,2499.0000,2
MMH9,19:12:22,2474.4060,3
MMH9,19:12:27,2449.5590,1
MMH9,19:12:27,2524.5960,5
MMH9,19:12:30,2624.5275,10
MMH9,19:12:33,2374.1925,10
MMH9,19:12:39,2598.9600,1
MMH9,19:12:42,2624.2650,1
MMH9,19:13:01,2524.2425,1
MMH9,19:13:12,2573.9700,1
MMH9,19:13:18,2599.3240,1
MMH9,19:13:34,2624.6325,1
MMH9,19:13:35,2624.6325,5
MMH9,19:13:37,2624.4750,1
MMH9,19:13:37,2574.5365,5
MMH9,19:13:54,2624.8425,5
MMH9,19:13:54,2374.8100,1
MMH9,19:13:54,2524.7980,15
MMH9,19:13:59,2374.9525,1
MMH9,19:14:07,2475.3465,1
MMH9,19:14:10,2375.4750,1
MMH9,19:14:10,2575.4635,1
MMH9,19:14:11,2550.4590,5
MMH9,19:14:22,2500.6000,1
MMH9,19:14:43,2375.9975,1
MMH9,19:15:11,2625.3675,1
MMH9,19:15:20,2400.6240,1
MMH9,19:15:20,2625.6825,1
MMH9,19:15:20,2600.6760,1
MMH9,19:15:24,2425.3880,1
MMH9,19:15:25,2425.7275,1
MMH9,19:15:27,2400.2880,2
MMH9,19:16:20,2375.1900,1
MMH9,19:16:40,2625.5775,2
MMH9,19:18:05,2626.1550,1
MMH9,19:18:19,2426.4065,1
MMH9,19:18:53,2451.4700,1
MMH9,19:18:53,2451.5680,1
MMH9,19:18:53,2476.6830,1
MMH9,19:18:53,2551.7850,2
MMH9,19:18:54,2501.4000,1
MMH9,19:18:55,2376.5675,1
MMH9,19:19:05,2451.3720,1
MMH9,19:19:15,2400.8160,1
MMH9,19:19:15,2576.1845,1
MMH9,19:19:15,2551.2240,1
MMH9,19:19:15,2376.2350,1
MMH9,19:19:29,2576.2875,5
MMH9,19:19:29,2601.2480,10
MMH9,19:19:32,2476.1880,1
MMH9,19:19:32,2526.2625,2
MMH9,19:19:50,2526.0100,1
MMH9,19:19:50,2526.2120,1
MMH9,19:19:50,2601.3000,5
MMH9,19:19:50,2601.3520,1
MMH9,19:19:50,2401.2960,1
MMH9,19:20:15,2550.4080,1
MMH9,19:20:27,2600.0000,1
MMH9,19:20:27,2399.9520,1
MMH9,19:21:03,2400.0000,1
MMH9,19:21:03,2475.0000,1
MMH9,19:21:25,2400.2400,1
MMH9,19:21:35,2450.0490,5
MMH9,19:21:39,2400.0000,1
MMH9,19:21:39,2475.0000,29
MMH9,19:21:39,2500.0000,6
MMH9,19:21:39,2449.9510,2
MMH9,19:21:48,2474.7030,1
MMH9,19:21:48,2499.6500,1
MMH9,19:22:09,2475.2475,1
MMH9,19:22:12,2500.0500,1
MMH9,19:22:33,2475.2970,1
MMH9,19:22:47,2474.9010,1
MMH9,19:22:47,2599.8960,1
MMH9,19:22:59,2575.1545,5
MMH9,19:23:02,2600.5200,1
MMH9,19:23:17,2400.3360,1
MMH9,19:23:39,2625.4725,1
MMH9,19:23:45,2450.2940,1
MMH9,19:23:45,2575.3090,1
MMH9,19:23:45,2600.2600,1
MMH9,19:23:45,2400.2400,2
MMH9,19:23:45,2475.3465,5
MMH9,19:24:02,2575.3605,1
MMH9,19:24:38,2525.7070,1
MMH9,19:24:40,2375.2375,2
MMH9,19:24:40,2425.2425,5
MMH9,19:24:42,2500.8000,1
MMH9,19:24:42,2500.8500,1
MMH9,19:25:00,2626.1550,2
MMH9,19:25:00,2426.0670,2
MMH9,19:25:00,2601.1440,1
MMH9,19:25:02,2376.0450,5
MMH9,19:25:04,2451.2250,5
MMH9,19:25:08,2376.1875,5
MMH9,19:25:19,2426.0185,1
MMH9,19:25:51,2375.5700,1
MMH9,19:26:16,2626.3650,1
MMH9,19:26:16,2551.3770,1
MMH9,19:27:02,2451.7640,2
MMH9,19:27:02,2426.7460,2
MMH9,19:27:02,2626.9425,1
MMH9,19:27:03,2451.8620,1
MMH9,19:27:03,2577.1630,1
MMH9,19:27:03,2452.6460,1
MMH9,19:27:03,2602.8600,1
MMH9,19:27:03,2377.1850,1
MMH9,19:27:03,2602.3400,1
MMH9,19:27:03,2552.2440,1
MMH9,19:27:03,2477.0790,1
MMH9,19:27:03,2452.0090,1
MMH9,19:27:03,2451.9600,1
MMH9,19:27:03,2502.0000,5
MMH9,19:27:03,2602.0800,29
MMH9,19:27:12,2377.1850,1
MMH9,19:27:12,2377.1850,1
MMH9,19:27:12,2427.2310,8
MMH9,19:27:13,2502.3000,1
MMH9,19:27:15,2402.4960,1
MMH9,19:27:15,2402.4480,1
MMH9,19:27:33,2427.9585,1
MMH9,19:27:33,2428.1525,1
MMH9,19:27:33,2628.4125,1
MMH9,19:27:33,2378.0875,3
MMH9,19:27:33,2503.2000,1
MMH9,19:27:33,2578.3475,4
MMH9,19:27:33,2503.2500,1
MMH9,19:27:33,2553.3660,1
MMH9,19:27:33,2578.4505,1
MMH9,19:27:33,2578.2960,4
MMH9,19:27:33,2528.2825,1
MMH9,19:28:13,2403.2160,1
MMH9,19:28:13,2528.3835,2
MMH9,19:28:13,2428.2495,2
MMH9,19:28:14,2503.4500,2
MMH9,19:28:14,2628.6225,1
MMH9,19:28:14,2453.4790,1
MMH9,19:28:14,2378.6100,1
MMH9,19:28:14,2378.6100,1
MMH9,19:28:17,2403.3120,1
MMH9,19:28:24,2603.5880,1
MMH9,19:28:24,2403.2640,1
MMH9,19:28:24,2378.1825,1
MMH9,19:28:27,2528.6360,1
MMH9,19:28:31,2553.7740,1
MMH9,19:28:31,2578.8625,1
MMH9,19:28:39,2628.8325,1
MMH9,19:29:00,2554.1310,1
MMH9,19:29:00,2579.1200,1
MMH9,19:29:01,2604.3160,1
MMH9,19:29:01,2604.4200,2
MMH9,19:29:01,2604.4200,2
MMH9,19:29:01,2479.2075,2
MMH9,19:29:01,2479.4055,1
MMH9,19:29:01,2630.0400,1
MMH9,19:29:01,2604.9920,1
MMH9,19:29:01,2579.9955,1
MMH9,19:29:01,2605.0440,1
MMH9,19:29:01,2529.9490,1
MMH9,19:29:01,2404.7040,1
MMH9,19:29:01,2504.9500,1
MMH9,19:29:01,2630.1975,3
MMH9,19:29:01,2429.6075,1
MMH9,19:29:02,2479.4055,2
MMH9,19:29:02,2529.4945,1
MMH9,19:29:11,2454.1160,1
MMH9,19:29:11,2454.0670,1
MMH9,19:29:11,2504.1500,1
MMH9,19:29:16,2529.3430,8
MMH9,19:29:16,2429.1710,2
MMH9,19:29:22,2529.3935,10
MMH9,19:29:24,2629.5675,1
MMH9,19:29:29,2504.1500,5
MMH9,19:29:29,2604.4200,1
MMH9,19:29:30,2629.2525,5
MMH9,19:29:30,2554.1310,1
MMH9,19:29:30,2504.0500,1
MMH9,19:29:30,2629.2525,1
MMH9,19:29:30,2378.8475,2
MMH9,19:29:30,2479.1085,5
MMH9,19:29:31,2604.1600,7
MMH9,19:29:31,2504.0000,5
MMH9,19:29:31,2504.0000,29
MMH9,19:29:31,2554.0800,1
MMH9,19:29:31,2453.9200,5
MMH9,19:29:31,2554.0800,1
MMH9,19:29:31,2504.0000,2
MMH9,19:29:31,2529.0400,2
MMH9,19:29:31,2478.9600,14
MMH9,19:29:31,2629.2000,2
MMH9,19:29:31,2504.0000,15
MMH9,19:29:31,2453.9690,1
MMH9,19:29:32,2403.8400,1
MMH9,19:29:32,2629.2000,7
MMH9,19:29:32,2378.8000,50
MMH9,19:29:32,2504.0000,1
MMH9,19:29:32,2403.8400,8
MMH9,19:29:32,2453.9200,1
MMH9,19:29:32,2529.0400,1
MMH9,19:29:32,2428.8800,8
MMH9,19:29:32,2529.0400,8
MMH9,19:29:32,2453.9200,2
MMH9,19:29:32,2629.2000,1
MMH9,19:29:32,2453.9200,5
MMH9,19:29:32,2579.1200,8
MMH9,19:29:35,2478.7125,1
MMH9,19:29:35,2578.8625,1
MMH9,19:29:35,2403.5040,1
MMH9,19:29:35,2478.6135,4
MMH9,19:29:45,2403.8400,1
MMH9,19:29:55,2428.8800,1
MMH9,19:30:47,2553.6720,1
MMH9,19:30:47,2503.6000,1
MMH9,19:31:09,2428.9770,10
MMH9,19:32:15,2379.1800,1
MMH9,19:32:25,2428.7830,1
MMH9,19:32:28,2603.5880,5
MMH9,19:32:33,2628.6225,1
MMH9,19:32:54,2628.6750,1
MMH9,19:32:54,2628.7275,1
MMH9,19:32:54,2428.3950,1
MMH9,19:32:54,2453.3320,1
MMH9,19:32:54,2428.2495,1
MMH9,19:33:29,2453.8220,1
MMH9,19:33:30,2604.3160,1
MMH9,19:33:30,2378.9900,1
MMH9,19:33:30,2379.0375,1
MMH9,19:33:30,2504.4500,3
MMH9,19:34:02,2429.2680,5
MMH9,19:34:17,2503.9500,1
MMH9,19:34:28,2478.6630,1
MMH9,19:34:43,2378.9425,1
MMH9,19:34:43,2579.4290,1
MMH9,19:35:33,2453.6750,2
MMH9,19:35:33,2603.9000,3
MMH9,19:35:40,2453.7240,1
MMH9,19:35:40,2578.9140,1
MMH9,19:35:40,2478.7620,3
MMH9,19:35:54,2479.0095,1
MMH9,19:35:54,2629.3050,1
MMH9,19:35:54,2454.0180,3
MMH9,19:36:03,2453.7730,1
MMH9,19:36:18,2428.7345,1
MMH9,19:36:44,2378.6575,2
MMH9,19:36:44,2378.6575,8
MMH9,19:36:44,2428.7345,2
MMH9,19:36:44,2628.9900,1
MMH9,19:37:03,2479.0590,1
MMH9,19:37:11,2479.5540,1
MMH9,19:37:11,2579.6865,1
MMH9,19:37:16,2554.8960,1
MMH9,19:37:25,2604.7840,1
MMH9,19:37:38,2554.5900,1
MMH9,19:37:38,2529.5955,1
MMH9,19:40:06,2480.0490,1
MMH9,19:40:07,2455.1450,1
MMH9,19:40:07,2605.4080,2
MMH9,19:40:08,2630.5650,1
MMH9,19:40:22,2630.7225,1
MMH9,19:40:22,2530.5045,1
MMH9,19:40:28,2404.9920,1
MMH9,19:40:49,2504.4000,1
MMH9,19:40:49,2379.2750,8
MMH9,19:40:49,2479.4055,5
MMH9,19:40:50,2554.6410,3
MMH9,19:40:50,2629.7775,7
MMH9,19:40:53,2429.3165,1
MMH9,19:41:11,2504.4000,1
MMH9,19:41:30,2604.5760,1
MMH9,19:41:30,2629.5675,1
MMH9,19:41:47,2454.0180,1
MMH9,19:42:03,2454.4100,1
MMH9,19:42:06,2629.7250,1
MMH9,19:42:13,2604.7320,2
MMH9,19:42:51,2405.0400,5
MMH9,19:43:12,2505.5500,1
MMH9,19:43:13,2480.4945,1
MMH9,19:43:59,2504.9000,1
MMH9,19:44:29,2429.6560,1
MMH9,19:44:32,2404.3680,1
MMH9,19:44:44,2404.3200,1
MMH9,19:45:40,2379.3700,1
MMH9,19:45:43,2580.0985,1
MMH9,19:45:43,2605.3040,1
MMH9,19:45:43,2579.9440,1
MMH9,19:45:43,2504.6500,2
MMH9,19:45:43,2454.7040,9
MMH9,19:46:12,2429.6075,8
MMH9,19:46:12,2604.9400,2
MMH9,19:46:22,2629.8300,1
MMH9,19:46:25,2579.4290,1
MMH9,19:48:19,2630.1975,1
MMH9,19:49:15,2529.9995,5
MMH9,19:49:43,2555.0490,35
MMH9,19:49:43,2505.0000,1
MMH9,19:49:45,2430.3350,1
MMH9,19:49:45,2430.3835,1
MMH9,19:49:45,2430.3835,5
MMH9,19:49:45,2480.5440,1
MMH9,19:49:45,2380.4150,1
MMH9,19:49:45,2455.5370,6
MMH9,19:49:45,2430.5775,50
MMH9,19:49:45,2430.5775,9
MMH9,19:49:45,2480.6925,1
MMH9,19:49:45,2380.7000,1
MMH9,19:49:45,2631.3000,1
MMH9,19:49:45,2631.3525,1
MMH9,19:49:45,2556.3750,3
MMH9,19:49:45,2380.9375,1
MMH9,19:49:45,2406.1920,1
MMH9,19:50:00,2431.2080,1
MMH9,19:50:00,2531.5145,1
MMH9,19:50:02,2531.9185,1
MMH9,19:50:13,2457.1540,1
MMH9,19:50:15,2457.2520,1
MMH9,19:50:15,2382.1250,1
MMH9,19:50:16,2432.2750,1
MMH9,19:50:16,2407.2000,1
MMH9,19:50:16,2482.5240,1
MMH9,19:50:16,2382.2675,1
MMH9,19:50:16,2507.6500,1
MMH9,19:50:26,2607.8520,1
MMH9,19:50:31,2382.7900,1
MMH9,19:50:31,2633.6625,1
MMH9,19:50:31,2458.0360,1
MMH9,19:50:31,2483.0685,5
MMH9,19:50:38,2382.8375,5
MMH9,19:50:43,2633.9250,1
MMH9,19:50:44,2608.7880,1
MMH9,19:50:44,2408.1600,1
MMH9,19:50:44,2508.5000,1
MMH9,19:50:44,2433.2935,1
MMH9,19:50:44,2583.8065,5
MMH9,19:50:44,2408.2560,1
MMH9,19:50:44,2433.3905,1
MMH9,19:50:44,2383.2175,5
MMH9,19:50:44,2533.7870,1
MMH9,19:50:44,2634.1875,5
MMH9,19:50:44,2508.8500,5
MMH9,19:50:44,2483.8605,5
MMH9,19:50:44,2584.2185,7
MMH9,19:50:44,2633.8725,5
MMH9,19:50:44,2408.1120,5
MMH9,19:50:44,2508.5000,1
MMH9,19:50:44,2383.0275,1
MMH9,19:50:44,2383.0275,3
MMH9,19:50:52,2382.7425,15
MMH9,19:50:52,2508.1000,1
MMH9,19:50:52,2482.9695,4
MMH9,19:51:05,2457.6440,1
MMH9,19:51:07,2633.1900,1
MMH9,19:51:24,2607.4360,5
MMH9,19:51:25,2381.9350,1
MMH9,19:51:25,2632.8225,1
MMH9,19:51:34,2557.2420,1
MMH9,19:51:34,2557.3440,5
MMH9,19:51:41,2531.9690,1
MMH9,19:52:18,2631.8250,1
MMH9,19:52:20,2506.1500,10
MMH9,19:52:20,2556.2730,2
MMH9,19:52:20,2606.3960,2
MMH9,19:52:20,2506.1500,1
MMH9,19:52:20,2431.0625,1
MMH9,19:52:20,2406.0000,1
MMH9,19:52:21,2456.1250,5
MMH9,19:52:29,2582.1070,5
MMH9,19:52:29,2456.8600,1
MMH9,19:52:36,2581.5920,1
MMH9,19:52:52,2506.4500,1
MMH9,19:53:13,2406.7200,1
MMH9,19:53:13,2456.8600,1
MMH9,19:53:13,2481.9300,1
MMH9,19:53:13,2632.3500,2
MMH9,19:53:18,2557.2930,5
MMH9,19:54:22,2381.2700,1
MMH9,19:54:22,2606.8120,15
MMH9,19:54:22,2506.5500,5
MMH9,19:54:22,2406.2880,10
MMH9,19:54:30,2481.6825,1
MMH9,19:54:41,2431.2080,1
MMH9,19:54:47,2506.1500,1
MMH9,19:54:47,2631.4050,1
MMH9,19:54:47,2506.0500,5
MMH9,19:54:47,2380.7000,1
MMH9,19:55:01,2431.4020,1
MMH9,19:55:17,2456.7620,1
MMH9,19:55:19,2481.8805,3
MMH9,19:55:47,2406.4320,1
MMH9,19:56:07,2581.3860,1
MMH9,19:56:20,2506.7000,1
MMH9,19:56:20,2582.0040,1
MMH9,19:56:20,2481.7815,1
MMH9,19:56:38,2481.1380,1
MMH9,19:56:51,2406.0480,1
MMH9,19:57:05,2481.0885,1
MMH9,19:57:12,2431.1110,1
MMH9,19:57:40,2430.9170,1
MMH9,19:57:49,2480.9400,5
MMH9,19:57:49,2405.7600,14
MMH9,19:58:32,2556.2220,1
MMH9,19:59:24,2606.3440,1
MMH9,19:59:24,2531.2115,3
MMH9,20:00:05,2430.4320,1
MMH9,20:04:09,2506.3000,1
MMH9,20:04:09,2406.0000,1
MMH9,20:06:12,2454.6550,1
MMH9,20:06:55,2404.7040,1
MMH9,20:06:55,2554.8450,1
MMH9,20:07:37,2504.9000,1
MMH9,20:08:25,2529.5955,1
MMH9,20:10:01,2479.3560,1
MMH9,20:10:01,2604.4720,1
MMH9,20:10:13,2479.5045,1
MMH9,20:10:19,2529.7470,1
MMH9,20:10:19,2604.9400,3
MMH9,20:10:42,2429.2680,1
MMH9,20:10:46,2454.6550,1
MMH9,20:10:49,2504.6000,4
MMH9,20:10:49,2404.4160,4
MMH9,20:10:49,2479.6035,1
MMH9,20:11:22,2555.1000,5
MMH9,20:11:58,2580.2530,1
MMH9,20:11:58,2630.4075,1
MMH9,20:11:58,2480.0985,1
MMH9,20:11:58,2555.2530,1
MMH9,20:11:58,2530.1510,1
MMH9,20:11:59,2555.1510,1
MMH9,20:11:59,2605.2520,4
MMH9,20:11:59,2429.8985,3
MMH9,20:11:59,2630.3025,1
MMH9,20:12:03,2454.8510,5
MMH9,20:12:08,2504.9500,1
MMH9,20:12:08,2605.1480,4
MMH9,20:12:28,2379.4650,1
MMH9,20:12:28,2604.8360,1
MMH9,20:12:52,2505.2000,1
MMH9,20:13:04,2505.5500,1
MMH9,20:14:14,2579.5835,5
MMH9,20:14:17,2404.0800,1
MMH9,20:14:17,2629.4625,4
MMH9,20:14:17,2454.1650,1
MMH9,20:14:17,2579.2745,1
MMH9,20:14:18,2429.1225,9
MMH9,20:14:18,2379.1325,2
MMH9,20:14:30,2429.0255,1
MMH9,20:14:40,2379.3700,1
MMH9,20:14:40,2579.7380,2
MMH9,20:14:41,2504.6000,1
MMH9,20:14:41,2379.3700,2
MMH9,20:15:04,2529.4440,1
MMH9,20:15:33,2630.2500,1
MMH9,20:15:46,2505.1000,1
MMH9,20:15:54,2379.9400,1
MMH9,20:15:57,2555.1000,1
MMH9,20:15:57,2479.9005,1
MMH9,20:16:03,2555.6610,1
MMH9,20:16:03,2430.4805,5
MMH9,20:16:03,2530.8580,1
MMH9,20:16:03,2631.1425,1
MMH9,20:16:03,2505.9000,1
MMH9,20:16:03,2480.6925,8
MMH9,20:16:03,2480.6925,2
MMH9,20:16:03,2430.6260,1
MMH9,20:16:06,2405.4720,1
MMH9,20:16:34,2630.6700,1
MMH9,20:16:38,2580.5620,4
MMH9,20:16:38,2605.6160,1
MMH9,20:16:38,2480.3460,1
MMH9,20:16:38,2580.5620,2
MMH9,20:17:04,2379.9875,1
MMH9,20:17:04,2505.2000,1
MMH9,20:17:57,2629.9875,1
MMH9,20:19:59,2604.7840,1
MMH9,20:19:59,2379.3700,1
MMH9,20:19:59,2579.7380,4
MMH9,20:19:59,2630.0400,1
MMH9,20:20:00,2429.6075,3
MMH9,20:20:35,2554.6410,8
MMH9,20:20:35,2454.4590,8
MMH9,20:20:35,2504.5500,50
MMH9,20:20:35,2404.3680,8
MMH9,20:20:35,2429.4135,6
MMH9,20:21:20,2504.6000,1
MMH9,20:21:20,2504.6000,1
MMH9,20:21:49,2454.0670,5
MMH9,20:22:07,2604.7840,1
MMH9,20:23:07,2504.1500,5
MMH9,20:23:22,2429.2680,2
MMH9,20:23:22,2579.6350,1
MMH9,20:23:27,2604.5760,1
MMH9,20:23:31,2404.3680,1
MMH9,20:23:48,2554.3860,1
MMH9,20:24:08,2454.3120,1
MMH9,20:24:08,2629.6725,5
MMH9,20:24:12,2604.6800,1
MMH9,20:24:55,2379.1325,10
MMH9,20:25:23,2579.8925,5
MMH9,20:25:31,2479.7025,5
MMH9,20:25:31,2429.8500,1
MMH9,20:25:33,2630.1450,1
MMH9,20:25:33,2479.7025,1
MMH9,20:25:33,2379.5125,5
MMH9,20:25:33,2379.4175,3
MMH9,20:25:33,2404.7520,1
MMH9,20:25:33,2530.0500,1
MMH9,20:26:01,2530.3530,1
MMH9,20:26:10,2405.1360,1
MMH9,20:26:20,2379.8450,1
MMH9,20:26:32,2605.3560,5
MMH9,20:26:38,2454.9980,1
MMH9,20:26:38,2429.9955,5
MMH9,20:26:38,2530.1005,10
MMH9,20:26:59,2530.2520,1
MMH9,20:27:00,2605.3040,10
MMH9,20:27:17,2505.0000,1
MMH9,20:27:22,2480.2470,1
MMH9,20:27:22,2455.1450,1
MMH9,20:27:26,2555.4570,1
MMH9,20:27:26,2630.6700,1
MMH9,20:28:31,2455.0470,1
MMH9,20:29:42,2480.7915,1
MMH9,20:30:07,2580.6135,1
MMH9,20:30:09,2605.8240,1
MMH9,20:31:30,2455.3900,1
MMH9,20:31:46,2380.4150,10
MMH9,20:32:05,2405.4720,1
MMH9,20:32:08,2505.5500,5
MMH9,20:32:15,2530.6055,1
MMH9,20:32:15,2430.3835,2
MMH9,20:32:15,2405.3280,1
MMH9,20:32:15,2630.8275,1
MMH9,20:32:16,2555.7630,1
MMH9,20:32:49,2506.4500,10
MMH9,20:32:50,2456.4680,1
MMH9,20:32:50,2431.4020,2
MMH9,20:32:50,2406.3840,1
MMH9,20:32:50,2481.5835,2
MMH9,20:32:50,2556.7830,4
MMH9,20:32:50,2481.5835,1
MMH9,20:33:40,2456.1740,1
MMH9,20:33:44,2430.9655,1
MMH9,20:34:44,2580.9740,1
MMH9,20:35:09,2430.6260,1
MMH9,20:35:34,2530.3025,1
MMH9,20:35:34,2479.7520,1
MMH9,20:36:21,2454.9000,1
MMH9,20:36:21,2404.6560,1
MMH9,20:36:21,2454.7530,9
MMH9,20:36:41,2580.3045,1
MMH9,20:36:42,2454.9000,1
MMH9,20:36:42,2555.0490,5
MMH9,20:36:42,2404.7040,1
MMH9,20:36:42,2479.8015,3
MMH9,20:37:24,2579.6350,1
MMH9,20:37:24,2404.2720,5
MMH9,20:37:25,2454.3120,1
MMH9,20:37:44,2579.2745,1
MMH9,20:37:53,2403.7920,5
MMH9,20:37:54,2628.9900,1
MMH9,20:37:54,2403.5040,1
MMH9,20:38:03,2629.0950,1
MMH9,20:38:04,2579.2230,1
MMH9,20:38:46,2554.4880,1
MMH9,20:40:02,2479.5045,3
MMH9,20:40:02,2429.4135,2
MMH9,20:40:14,2404.1760,1
MMH9,20:41:57,2629.6200,1
MMH9,20:41:57,2454.3610,1
MMH9,20:43:14,2454.5080,1
MMH9,20:43:45,2529.3430,1
MMH9,20:44:10,2629.6200,15
MMH9,20:45:43,2454.0180,1
MMH9,20:45:43,2579.1715,5
MMH9,20:45:43,2428.8800,1
MMH9,20:45:43,2453.8710,1
MMH9,20:45:43,2629.1475,5
MMH9,20:45:43,2579.0170,1
MMH9,20:45:43,2604.0040,5
MMH9,20:45:43,2428.6375,1
MMH9,20:45:54,2579.2745,1
MMH9,20:46:02,2454.4590,5
MMH9,20:46:36,2529.5955,1
MMH9,20:46:36,2629.7775,2
MMH9,20:46:36,2504.5500,2
MMH9,20:46:36,2554.6410,10
MMH9,20:46:36,2504.5500,15
MMH9,20:46:36,2379.3225,15
MMH9,20:46:36,2554.6410,10
MMH9,20:46:36,2404.3680,5
MMH9,20:46:36,2379.3225,9
MMH9,20:46:36,2429.4135,6
MMH9,20:46:36,2404.3680,1
MMH9,20:46:37,2554.6410,15
MMH9,20:46:37,2454.4590,14
MMH9,20:46:37,2404.3680,2
MMH9,20:46:37,2579.6865,4
MMH9,20:46:37,2454.4590,9
MMH9,20:46:55,2579.8410,5
MMH9,20:47:40,2530.0500,1
MMH9,20:48:51,2629.9350,1
MMH9,20:49:59,2629.7775,1
MMH9,20:50:00,2379.5600,1
MMH9,20:50:01,2629.8825,3
MMH9,20:50:34,2504.6000,4
MMH9,20:50:37,2629.4625,1
MMH9,20:50:37,2554.3350,4
MMH9,20:50:38,2579.4290,1
MMH9,20:50:38,2429.2195,1
MMH9,20:50:40,2579.4805,1
MMH9,20:50:40,2379.1800,1
MMH9,20:50:40,2429.2680,1
MMH9,20:50:47,2604.8880,1
MMH9,20:51:32,2479.9500,4
MMH9,20:51:37,2505.1000,1
MMH9,20:51:42,2480.1480,1
MMH9,20:51:42,2605.3560,1
MMH9,20:51:45,2630.2500,2
MMH9,20:51:45,2479.9500,2
MMH9,20:52:00,2605.0960,1
MMH9,20:52:01,2480.1975,1
MMH9,20:52:03,2379.9875,1
MMH9,20:52:13,2530.2520,3
MMH9,20:52:13,2455.0960,1
MMH9,20:52:13,2404.8960,1
MMH9,20:52:13,2379.7025,1
MMH9,20:52:13,2404.8000,7
MMH9,20:52:13,2404.8000,3
MMH9,20:52:14,2605.4080,1
MMH9,20:52:18,2404.8480,4
MMH9,20:52:22,2379.5600,4
MMH9,20:52:36,2629.6725,1
MMH9,20:52:36,2554.5390,4
MMH9,20:52:39,2554.3860,1
MMH9,20:52:39,2604.4720,1
MMH9,20:53:00,2579.6350,4
MMH9,20:53:04,2404.5120,1
MMH9,20:53:15,2379.6550,4
MMH9,20:53:31,2454.4590,4
MMH9,20:54:00,2604.6800,4
MMH9,20:55:45,2504.7500,4
MMH9,20:55:45,2404.5600,4
MMH9,20:55:56,2379.5125,12
MMH9,20:56:07,2604.7840,2
MMH9,20:56:07,2379.3700,2
MMH9,20:56:07,2479.5540,4
MMH9,20:56:10,2529.4440,1
MMH9,20:56:10,2379.1800,15
MMH9,20:56:10,2529.4440,1
MMH9,20:56:10,2429.2680,2
MMH9,20:56:10,2629.6200,3
MMH9,20:56:10,2554.4880,12
MMH9,20:56:10,2504.4000,5
MMH9,20:56:10,2579.5320,8
MMH9,20:56:10,2429.2680,2
MMH9,20:56:10,2429.2680,6
MMH9,20:56:10,2479.3560,3
MMH9,20:56:10,2604.5760,1
MMH9,20:56:10,2604.5760,1
MMH9,20:56:10,2479.3560,4
MMH9,20:56:15,2529.4440,4
MMH9,20:56:15,2504.4000,4
MMH9,20:56:22,2454.3610,1
MMH9,20:56:22,2579.5835,14
MMH9,20:56:22,2629.6725,15
MMH9,20:56:27,2429.4135,4
MMH9,20:56:27,2604.7320,4
MMH9,20:56:42,2504.6500,2
MMH9,20:56:42,2529.6965,4
MMH9,20:56:47,2404.4160,4
MMH9,20:56:47,2404.1280,2
MMH9,20:57:00,2404.0320,4
MMH9,20:57:21,2479.2570,1
MMH9,20:57:30,2479.2570,1
MMH9,20:57:43,2379.4650,1
MMH9,20:57:43,2630.0400,5
MMH9,20:58:16,2529.5955,3
MMH9,20:58:38,2554.5900,4
MMH9,20:59:52,2429.8985,5
MMH9,21:00:00,2504.9500,1
MMH9,21:00:00,2630.1975,1
MMH9,21:00:00,2429.8015,1
MMH9,21:00:00,2429.8015,1
MMH9,21:00:01,2404.1760,1
MMH9,21:00:12,2504.7500,5
MMH9,21:00:12,2629.9875,1
MMH9,21:00:12,2554.8450,9
MMH9,21:00:20,2429.8500,1
MMH9,21:00:29,2429.8015,1
MMH9,21:00:29,2429.8015,2
MMH9,21:00:29,2580.0985,1
MMH9,21:00:37,2579.9440,2
MMH9,21:00:37,2529.8480,2
MMH9,21:00:45,2604.9400,4
MMH9,21:00:57,2429.6560,4
MMH9,21:00:57,2454.7040,1
MMH9,21:00:57,2454.7040,10
MMH9,21:00:57,2504.8000,15
MMH9,21:01:25,2454.8020,1
MMH9,21:01:36,2479.9500,4
MMH9,21:01:53,2605.2520,1
MMH9,21:01:53,2630.3025,3
MMH9,21:01:54,2530.1510,1
MMH9,21:02:05,2379.7500,4
MMH9,21:02:15,2379.7500,1
MMH9,21:02:15,2530.0500,2
MMH9,21:02:27,2504.8500,1
MMH9,21:02:27,2630.0925,9
MMH9,21:03:22,2454.4100,1
MMH9,21:04:03,2403.6000,5
MMH9,21:04:11,2453.6750,1
MMH9,21:04:12,2578.7595,1
MMH9,21:04:45,2529.5450,1
MMH9,21:05:23,2629.4100,1
MMH9,21:06:06,2429.4135,4
MMH9,21:07:30,2379.5600,1
MMH9,21:08:13,2504.7000,1
MMH9,21:08:13,2629.9350,6
MMH9,21:09:57,2555.3550,5
MMH9,21:09:57,2380.0350,1
MMH9,21:09:57,2580.5105,1
MMH9,21:10:35,2454.6060,1
MMH9,21:10:35,2479.6035,2
MMH9,21:10:35,2529.6965,1
MMH9,21:10:35,2479.6035,1
MMH9,21:10:42,2379.1800,1
MMH9,21:10:53,2554.2840,1
MMH9,21:10:53,2579.2745,5
MMH9,21:10:53,2504.0000,1
MMH9,21:11:02,2629.3575,2
MMH9,21:11:02,2479.1085,1
MMH9,21:11:02,2604.3160,2
MMH9,21:11:07,2579.3775,1
MMH9,21:12:11,2428.6375,4
MMH9,21:12:11,2403.6480,1
MMH9,21:12:11,2503.8500,7
MMH9,21:12:11,2628.8325,1
MMH9,21:12:21,2629.0425,4
MMH9,21:13:28,2553.9780,3
MMH9,21:13:30,2529.0400,1
MMH9,21:13:30,2428.8800,1
MMH9,21:14:02,2554.1310,2
MMH9,21:14:18,2604.1600,1
MMH9,21:14:57,2504.3000,15
MMH9,21:14:57,2579.4290,15
MMH9,21:14:58,2504.1000,8
MMH9,21:14:58,2579.2230,2
MMH9,21:14:58,2479.1085,2
MMH9,21:16:07,2554.1820,1
MMH9,21:16:13,2454.0670,1
MMH9,21:16:44,2629.4100,8
MMH9,21:16:44,2479.1580,2
MMH9,21:17:14,2604.3680,3
MMH9,21:17:24,2504.5000,1
MMH9,21:17:24,2479.5045,1
MMH9,21:17:33,2379.0375,3
MMH9,21:17:33,2579.3775,2
MMH9,21:18:19,2479.3560,1
MMH9,21:18:27,2454.1160,1
MMH9,21:18:29,2453.9690,10
MMH9,21:19:21,2629.2000,1
MMH9,21:19:28,2629.5675,1
MMH9,21:19:28,2604.5240,3
MMH9,21:19:39,2629.5675,1
MMH9,21:19:54,2454.4100,1
MMH9,21:20:06,2529.6460,2
MMH9,21:20:06,2479.5540,3
MMH9,21:20:06,2404.4160,9
MMH9,21:20:47,2604.8360,1
MMH9,21:21:09,2404.6560,50
MMH9,21:21:09,2429.7045,46
MMH9,21:21:09,2429.7045,1
MMH9,21:21:09,2429.7045,1
MMH9,21:21:11,2504.8500,8
MMH9,21:21:11,2404.6560,60
MMH9,21:21:11,2605.0440,10
MMH9,21:21:11,2379.6075,1
MMH9,21:21:11,2454.7530,5
MMH9,21:21:11,2605.0440,20
MMH9,21:21:11,2504.8500,4
MMH9,21:21:11,2579.9955,8
MMH9,21:21:11,2429.7045,1
MMH9,21:21:11,2379.6075,15
MMH9,21:21:11,2479.8015,18
MMH9,21:21:11,2579.9955,8
MMH9,21:21:11,2404.6560,17
MMH9,21:21:11,2479.8015,1
MMH9,21:21:11,2504.8500,1
MMH9,21:21:11,2579.9955,1
MMH9,21:21:11,2579.9955,1
MMH9,21:21:11,2479.8015,1
MMH9,21:21:11,2579.9955,5
MMH9,21:21:12,2579.9955,1
MMH9,21:21:12,2404.6560,1
MMH9,21:21:12,2404.6560,1
MMH9,21:21:13,2529.8985,4
MMH9,21:21:19,2630.1450,1
MMH9,21:21:23,2505.1000,1
MMH9,21:21:23,2605.4600,1
MMH9,21:21:23,2380.0350,1
MMH9,21:21:35,2480.0985,1
MMH9,21:21:35,2630.4600,1
MMH9,21:21:35,2605.4600,1
MMH9,21:22:00,2554.9980,10
MMH9,21:22:00,2580.0470,2
MMH9,21:22:00,2379.6550,8
MMH9,21:22:17,2554.8450,1
MMH9,21:22:31,2404.5600,10
MMH9,21:22:32,2604.9400,10
MMH9,21:22:41,2529.5955,5
MMH9,21:22:41,2429.3165,5
MMH9,21:22:59,2454.4590,1
MMH9,21:25:55,2604.3160,1
MMH9,21:25:55,2504.1500,1
MMH9,21:25:55,2579.2745,3
MMH9,21:26:06,2404.0800,5
MMH9,21:26:06,2604.3160,5
MMH9,21:27:09,2504.5000,1
MMH9,21:27:11,2429.4135,1
MMH9,21:27:41,2504.6500,5
MMH9,21:28:31,2554.7430,4
MMH9,21:28:43,2529.9490,1
MMH9,21:28:51,2404.6560,15
MMH9,21:29:14,2379.3225,1
MMH9,21:31:00,2630.1975,1
MMH9,21:31:13,2479.8015,1
MMH9,21:32:04,2404.8000,3
MMH9,21:32:04,2580.1500,1
MMH9,21:32:05,2580.1500,1
MMH9,21:32:05,2605.2000,5
MMH9,21:32:46,2404.8480,3
MMH9,21:32:46,2630.3025,2
MMH9,21:35:00,2480.8905,3
MMH9,21:35:00,2631.2475,7
MMH9,21:35:04,2506.1500,1
MMH9,21:35:04,2456.0270,4
MMH9,21:35:27,2581.2830,10
MMH9,21:35:31,2631.4575,2
MMH9,21:35:31,2405.9040,8
MMH9,21:36:03,2506.1500,1
MMH9,21:36:04,2405.9040,10
MMH9,21:36:18,2406.2400,1
MMH9,21:36:39,2480.7915,4
MMH9,21:36:39,2580.9225,1
MMH9,21:36:39,2631.0375,1
MMH9,21:36:39,2605.8760,1
MMH9,21:37:09,2380.6525,2
MMH9,21:37:32,2581.2830,10
MMH9,21:37:32,2581.2315,10
MMH9,21:37:34,2380.8425,1
MMH9,21:37:34,2380.8900,1
MMH9,21:38:12,2505.8500,1
MMH9,21:38:20,2405.4720,1
MMH9,21:38:27,2380.7000,1
MMH9,21:38:39,2380.4150,10
MMH9,21:38:41,2455.7330,10
MMH9,21:38:49,2530.8075,8
MMH9,21:39:02,2580.8195,5
MMH9,21:39:43,2631.0375,1
MMH9,21:39:43,2505.7500,1
MMH9,21:39:43,2555.7630,2
MMH9,21:39:43,2380.3675,3
MMH9,21:41:54,2555.4060,1
MMH9,21:43:08,2505.8500,1
MMH9,21:43:08,2555.9670,7
MMH9,21:43:09,2430.8200,1
MMH9,21:43:12,2481.0885,1
MMH9,21:43:12,2405.9040,1
MMH9,21:43:12,2506.1500,2
MMH9,21:43:21,2531.2115,1
MMH9,21:43:26,2631.4575,5
MMH9,21:43:26,2380.8425,8
MMH9,21:43:27,2456.0270,2
MMH9,21:43:27,2606.3960,3
MMH9,21:43:27,2556.2730,8
MMH9,21:43:27,2631.4575,2
MMH9,21:43:27,2405.9040,2
MMH9,21:43:27,2380.8425,2
MMH9,21:43:27,2631.4575,1
MMH9,21:43:27,2380.8425,10
MMH9,21:43:27,2430.9655,2
MMH9,21:43:27,2581.3345,8
MMH9,21:43:27,2606.3960,15
MMH9,21:43:27,2380.8425,6
MMH9,21:43:27,2456.0270,1
MMH9,21:43:27,2581.3345,1
MMH9,21:43:27,2606.3960,7
MMH9,21:43:27,2581.3345,15
MMH9,21:43:27,2631.4575,4
MMH9,21:43:27,2380.8425,8
MMH9,21:43:27,2380.8425,1
MMH9,21:43:27,2631.4575,2
MMH9,21:43:27,2430.9655,3
MMH9,21:43:27,2456.0270,1
MMH9,21:43:27,2380.8425,11
MMH9,21:43:32,2405.6160,5
MMH9,21:43:32,2555.9670,8
MMH9,21:43:32,2505.8500,2
MMH9,21:43:32,2405.6160,15
MMH9,21:43:32,2530.9085,15
MMH9,21:43:46,2505.2000,2
MMH9,21:44:31,2404.6560,1
MMH9,21:44:48,2479.8510,1
MMH9,21:46:22,2530.3025,1
MMH9,21:47:44,2530.3530,1
MMH9,21:48:25,2430.6745,1
MMH9,21:50:13,2606.0320,1
MMH9,21:50:26,2531.2115,1
MMH9,21:50:26,2380.8900,1
MMH9,21:50:26,2481.1380,1
MMH9,21:51:04,2581.6435,1
MMH9,21:51:04,2481.3360,5
MMH9,21:51:39,2581.5920,1
MMH9,21:55:16,2606.5000,1
MMH9,21:55:16,2556.3240,1
MMH9,21:55:57,2380.8900,1
MMH9,21:55:57,2506.2000,4
MMH9,21:56:57,2430.8200,1
MMH9,21:56:57,2405.7600,12
MMH9,21:56:57,2480.9400,7
MMH9,21:58:29,2456.0760,6
MMH9,22:04:03,2405.5680,1
MMH9,22:04:03,2580.9225,1
MMH9,22:05:36,2431.0140,1
MMH9,22:05:41,2456.0760,1
MMH9,22:05:41,2556.2730,1
MMH9,22:05:41,2405.9040,5
MMH9,22:06:39,2556.0690,1
MMH9,22:07:04,2405.9040,15
MMH9,22:07:12,2630.9850,1
MMH9,22:07:12,2430.4805,1
MMH9,22:07:12,2430.4805,2
MMH9,22:07:22,2481.4845,1
MMH9,22:07:31,2456.3210,10
MMH9,22:07:31,2581.6435,10
MMH9,22:07:43,2481.5835,1
MMH9,22:07:43,2406.3840,1
MMH9,22:07:43,2406.3840,5
MMH9,22:07:43,2531.7165,3
MMH9,22:07:43,2406.3840,1
MMH9,22:07:43,2456.5170,9
MMH9,22:08:07,2581.9010,1
MMH9,22:08:18,2481.5835,1
MMH9,22:08:18,2381.3175,17
MMH9,22:08:46,2456.2230,2
MMH9,22:09:20,2506.2000,1
MMH9,22:12:46,2405.5680,1
MMH9,22:12:48,2631.0375,1
MMH9,22:13:38,2405.5680,1
MMH9,22:15:39,2380.8425,10
MMH9,22:15:48,2506.0000,1
MMH9,22:16:34,2606.3440,10
MMH9,22:16:43,2406.0000,1
MMH9,22:17:46,2556.3750,1
MMH9,22:17:46,2431.0625,1
MMH9,22:17:46,2406.0480,1
MMH9,22:17:54,2406.0960,1
MMH9,22:18:45,2506.3000,10
MMH9,22:19:51,2631.2475,10
MMH9,22:19:51,2455.8310,2
MMH9,22:19:51,2505.9500,8
MMH9,22:20:08,2556.0690,10
MMH9,22:20:18,2630.7750,1
MMH9,22:20:18,2605.6680,1
MMH9,22:20:18,2505.4500,3
MMH9,22:20:48,2480.8410,1
MMH9,22:21:38,2531.2115,1
MMH9,22:21:38,2581.3345,8
MMH9,22:21:38,2405.9040,1
MMH9,22:21:45,2531.3630,1
MMH9,22:21:45,2506.3500,1
MMH9,22:21:45,2531.4135,1
MMH9,22:21:45,2481.3360,5
MMH9,22:21:47,2506.2000,1
MMH9,22:22:12,2431.1110,2
MMH9,22:22:12,2506.3500,10
MMH9,22:22:12,2581.5405,1
MMH9,22:22:13,2481.2865,8
MMH9,22:22:13,2381.0325,1
MMH9,22:23:49,2605.9800,1
MMH9,22:23:49,2430.5290,1
MMH9,22:24:30,2480.5935,8
MMH9,22:24:30,2455.5370,2
MMH9,22:24:30,2630.9325,10
MMH9,22:24:48,2380.3675,5
MMH9,22:24:48,2405.3280,15
MMH9,22:25:00,2480.3955,5
MMH9,22:25:37,2480.6925,10
MMH9,22:25:37,2430.5775,8
MMH9,22:26:11,2380.3675,9
MMH9,22:26:11,2630.9325,1
MMH9,22:26:11,2455.5370,8
MMH9,22:26:11,2380.3675,2
MMH9,22:27:48,2606.0320,1
MMH9,22:27:56,2405.4720,1
MMH9,22:27:58,2430.6260,1
MMH9,22:28:07,2455.5860,1
MMH9,22:28:11,2605.6680,1
MMH9,22:28:11,2455.3410,1
MMH9,22:28:46,2481.1380,1
MMH9,22:30:01,2406.2880,5
MMH9,22:30:01,2406.3360,1
MMH9,22:30:01,2556.5790,1
MMH9,22:30:08,2506.2000,8
MMH9,22:30:08,2631.5100,2
MMH9,22:30:11,2631.7725,1
MMH9,22:30:43,2431.2565,1
MMH9,22:31:19,2506.6500,1
MMH9,22:31:47,2581.7980,1
MMH9,22:32:31,2481.3855,15
MMH9,22:32:31,2506.4500,15
MMH9,22:32:31,2456.3210,11
MMH9,22:32:31,2506.4500,4
MMH9,22:32:31,2556.5790,4
MMH9,22:32:31,2531.5145,11
MMH9,22:32:31,2631.7725,7
MMH9,22:32:49,2456.3210,1
MMH9,22:32:49,2556.5790,5
MMH9,22:32:51,2431.2565,2
MMH9,22:32:51,2581.7465,10
MMH9,22:32:51,2406.2880,10
MMH9,22:32:54,2531.5650,1
MMH9,22:32:55,2456.3210,2
MMH9,22:32:55,2631.7725,2
MMH9,22:32:55,2481.3855,1
MMH9,22:33:04,2481.0390,1
MMH9,22:33:04,2456.1250,1
MMH9,22:33:06,2456.1250,1
MMH9,22:34:37,2556.4260,1
MMH9,22:34:37,2631.6150,1
MMH9,22:34:37,2380.9850,8
MMH9,22:35:06,2381.5075,2
MMH9,22:35:06,2481.7815,4
MMH9,22:35:06,2556.9360,8
MMH9,22:35:06,2406.5280,2
MMH9,22:35:30,2381.4125,5
MMH9,22:36:16,2507.0000,1
MMH9,22:36:16,2557.1400,1
MMH9,22:36:25,2632.5075,2
MMH9,22:36:25,2532.2215,3
MMH9,22:37:01,2531.9690,15
MMH9,22:37:01,2607.1760,15
MMH9,22:37:01,2632.2450,15
MMH9,22:37:01,2531.9690,5
MMH9,22:37:01,2381.5550,5
MMH9,22:37:01,2632.2450,4
MMH9,22:37:01,2506.9000,1
MMH9,22:37:01,2557.0380,15
MMH9,22:37:12,2582.3130,1
MMH9,22:37:19,2432.1780,1
MMH9,22:37:19,2607.8000,1
MMH9,22:37:20,2532.6760,5
MMH9,22:37:24,2432.2750,1
MMH9,22:37:26,2632.9275,1
MMH9,22:37:26,2607.8520,15
MMH9,22:37:26,2407.2480,15
MMH9,22:37:30,2407.2480,1
MMH9,22:37:31,2432.2750,1
MMH9,22:37:44,2607.6440,1
MMH9,22:37:44,2381.9825,1
MMH9,22:37:44,2607.6440,2
MMH9,22:37:53,2607.6440,6
MMH9,22:38:39,2407.5840,1
MMH9,22:38:45,2507.6000,1
MMH9,22:39:20,2532.7265,1
MMH9,22:39:50,2583.0340,1
MMH9,22:39:57,2607.8520,1
MMH9,22:40:09,2632.9275,1
MMH9,22:40:28,2632.8750,1
MMH9,22:41:17,2457.4970,1
MMH9,22:42:05,2632.5075,5
MMH9,22:42:05,2582.4675,3
MMH9,22:42:05,2406.8640,1
MMH9,22:42:05,2381.8875,2
MMH9,22:42:40,2582.9310,1
MMH9,22:43:00,2432.3235,1
MMH9,22:43:00,2457.3990,14
MMH9,22:43:31,2432.1295,1
MMH9,22:43:32,2557.4460,1
MMH9,22:43:32,2632.6125,1
MMH9,22:43:58,2457.3990,1
MMH9,22:43:59,2582.9825,1
MMH9,22:43:59,2507.6500,1
MMH9,22:43:59,2532.8275,5
MMH9,22:44:02,2507.6500,1
MMH9,22:44:03,2407.3920,1
MMH9,22:44:03,2633.0850,1
MMH9,22:44:03,2532.8780,8
MMH9,22:44:03,2432.3720,1
MMH9,22:44:03,2583.0340,5
MMH9,22:44:11,2633.0325,5
MMH9,22:46:09,2533.1305,4
MMH9,22:46:09,2508.0500,1
MMH9,22:46:31,2482.6725,2
MMH9,22:46:31,2633.1375,4
MMH9,22:46:31,2532.8275,8
MMH9,22:46:40,2407.1040,1
MMH9,22:46:54,2407.3920,1
MMH9,22:46:54,2482.6230,1
MMH9,22:46:57,2557.7520,1
MMH9,22:46:59,2482.5735,1
MMH9,22:48:22,2482.4745,1
MMH9,22:48:52,2407.0080,1
MMH9,22:50:54,2557.4460,1
MMH9,22:50:54,2381.8875,1
MMH9,22:51:41,2532.5750,1
MMH9,22:53:16,2633.0850,1
MMH9,22:54:34,2608.3200,1
MMH9,22:55:21,2608.2160,1
MMH9,22:56:32,2382.6000,1
MMH9,22:57:23,2483.0190,1
MMH9,22:58:22,2508.1500,8
MMH9,23:00:21,2607.8000,1
MMH9,23:00:22,2457.3500,5
MMH9,23:00:22,2582.7250,10
MMH9,23:00:22,2382.1250,5
MMH9,23:03:06,2507.8000,1
MMH9,23:03:07,2482.5240,1
MMH9,23:03:07,2507.5500,1
MMH9,23:03:07,2607.8520,1
MMH9,23:03:12,2432.5660,1
MMH9,23:04:07,2457.9380,1
MMH9,23:04:07,2558.4150,1
MMH9,23:04:42,2583.0855,1
MMH9,23:05:03,2408.0640,1
MMH9,23:06:14,2608.8920,1
MMH9,23:07:45,2383.0750,1
MMH9,23:07:45,2533.5345,1
MMH9,23:07:45,2633.8725,1
MMH9,23:07:45,2408.1120,5
MMH9,23:07:45,2633.8725,8
MMH9,23:07:45,2408.1120,24
MMH9,23:09:35,2458.4770,1
MMH9,23:09:47,2433.2935,1
MMH9,23:09:56,2383.3125,1
MMH9,23:09:58,2558.7210,1
MMH9,23:09:58,2508.5500,5
MMH9,23:09:58,2533.5850,1
MMH9,23:10:15,2433.3420,3
MMH9,23:10:15,2433.3420,2
MMH9,23:10:15,2558.7720,1
MMH9,23:10:19,2583.6005,1
MMH9,23:10:20,2483.2170,1
MMH9,23:10:20,2407.9680,1
MMH9,23:10:20,2608.6320,1
MMH9,23:10:24,2433.0995,1
MMH9,23:12:41,2458.7220,1
MMH9,23:12:41,2534.0395,5
MMH9,23:12:41,2458.7710,1
MMH9,23:12:41,2383.5500,1
MMH9,23:12:41,2634.4500,5
MMH9,23:12:41,2509.0000,2
MMH9,23:13:08,2634.4500,1
MMH9,23:13:15,2509.0000,1
MMH9,23:13:22,2534.0900,1
MMH9,23:13:34,2634.6600,1
MMH9,23:13:34,2459.0160,1
MMH9,23:13:34,2634.8175,1
MMH9,23:13:45,2509.4500,1
MMH9,23:13:45,2634.9750,1
MMH9,23:13:56,2434.1665,1
MMH9,23:13:56,2634.9750,1
MMH9,23:13:56,2459.3100,2
MMH9,23:13:56,2534.5950,1
MMH9,23:13:56,2434.2150,1
MMH9,23:13:56,2509.5500,1
MMH9,23:13:56,2384.0725,1
MMH9,23:13:56,2384.0725,5
MMH9,23:13:56,2509.5500,15
MMH9,23:13:56,2584.9395,1
MMH9,23:13:56,2484.5535,5
MMH9,23:13:56,2585.0425,3
MMH9,23:14:03,2409.0720,1
MMH9,23:14:31,2509.2500,1
MMH9,23:14:48,2408.5920,3
MMH9,23:14:48,2634.5550,1
MMH9,23:14:54,2459.0650,4
MMH9,23:15:01,2408.8800,15
MMH9,23:16:04,2459.2610,1
MMH9,23:16:04,2559.6390,5
MMH9,23:16:16,2434.2635,10
MMH9,23:16:28,2434.2635,1
MMH9,23:16:35,2509.4500,1
MMH9,23:16:52,2634.7650,8
MMH9,23:16:59,2534.4940,1
MMH9,23:16:59,2484.3060,1
MMH9,23:16:59,2434.1180,4
MMH9,23:17:10,2409.0240,1
MMH9,23:17:10,2484.3060,14
MMH9,23:17:47,2559.4860,1
MMH9,23:17:47,2408.8800,1
MMH9,23:17:56,2534.3425,15
MMH9,23:17:57,2534.3425,4
MMH9,23:17:57,2634.7125,11
MMH9,23:18:08,2609.4120,5
MMH9,23:18:09,2634.5550,1
MMH9,23:18:27,2433.8270,2
MMH9,23:18:27,2509.1000,2
MMH9,23:18:27,2634.5550,2
MMH9,23:18:27,2383.6450,10
MMH9,23:19:04,2584.3215,5
MMH9,23:19:04,2559.1800,5
MMH9,23:19:05,2383.5025,15
MMH9,23:19:41,2483.3655,1
MMH9,23:19:42,2433.1965,2
MMH9,23:19:42,2483.2665,2
MMH9,23:19:53,2533.6860,10
MMH9,23:19:53,2483.7120,5
MMH9,23:19:53,2609.1520,1
MMH9,23:19:53,2483.7120,4
MMH9,23:19:53,2584.0125,30
MMH9,23:20:01,2533.5345,5
MMH9,23:20:35,2609.1520,1
MMH9,23:20:35,2433.5845,5
MMH9,23:21:52,2634.0300,1
MMH9,23:21:52,2483.4150,1
MMH9,23:21:52,2408.1120,1
MMH9,23:21:52,2483.3655,3
MMH9,23:23:11,2383.2175,6
MMH9,23:25:27,2408.5440,1
MMH9,23:25:49,2608.9440,1
MMH9,23:26:47,2433.6330,1
MMH9,23:27:59,2483.2170,1
MMH9,23:29:46,2533.4335,1
MMH9,23:30:14,2584.0640,1
MMH9,23:30:14,2433.5845,1
MMH9,23:30:59,2483.3655,10
MMH9,23:31:05,2483.1675,10
MMH9,23:33:05,2534.0900,1
MMH9,23:33:05,2483.9100,1
MMH9,23:38:19,2533.8375,2
MMH9,23:38:19,2408.4000,4
MMH9,23:38:58,2433.2935,10
MMH9,23:38:58,2483.2665,50
MMH9,23:40:51,2457.9380,1
MMH9,23:41:36,2533.1305,1
MMH9,23:42:34,2583.2915,1
MMH9,23:43:09,2557.8030,5
MMH9,23:43:09,2482.4745,5
MMH9,23:43:09,2382.1725,25
MMH9,23:43:27,2482.9695,1
MMH9,23:43:27,2382.6475,4
MMH9,23:43:31,2557.9560,1
MMH9,23:44:22,2608.1120,5
MMH9,23:44:27,2533.3325,1
MMH9,23:44:31,2382.8375,1
MMH9,23:44:58,2382.6000,1
MMH9,23:45:01,2633.5575,3
MMH9,23:45:39,2608.3720,15
MMH9,23:47:12,2407.0560,30
MMH9,23:47:12,2457.0070,3
MMH9,23:47:12,2507.1500,2
MMH9,23:47:12,2582.3645,1
MMH9,23:47:12,2557.2930,3
MMH9,23:47:34,2456.9090,5
MMH9,23:47:34,2582.2615,3
MMH9,23:47:45,2531.9690,2
MMH9,23:48:29,2557.4970,1
MMH9,23:48:52,2558.2110,1
MMH9,23:48:52,2608.3720,33
MMH9,23:49:21,2556.1710,3
MMH9,23:49:27,2556.7320,1
MMH9,23:49:37,2455.8800,1
MMH9,23:49:46,2380.1300,1
MMH9,23:49:46,2505.4000,7
MMH9,23:49:50,2428.9770,1
MMH9,23:49:50,2604.2120,3
MMH9,23:49:51,2479.7520,1
MMH9,23:49:54,2555.6610,1
MMH9,10:00:00,2585.1455,1
MMH9,10:00:00,2610.3480,1
MMH9,10:00:00,2535.1000,2
MMH9,10:00:00,2510.0000,1
MMH9,10:00:00,2637.0225,2
MMH9,10:00:00,2461.6620,2
MMH9,10:00:00,2436.6400,1
MMH9,10:00:01,2588.6990,3
MMH9,10:00:01,2412.8160,2
MMH9,10:00:02,2612.4800,5
MMH9,10:00:02,2536.2110,3
MMH9,10:00:03,2638.4925,1
MMH9,10:00:03,2638.8075,7
MMH9,10:00:09,2386.4000,1
MMH9,10:00:10,2511.4500,3
MMH9,10:00:13,2613.1560,1
MMH9,10:00:13,2638.2825,4
MMH9,10:00:13,2387.3025,5
MMH9,10:00:14,2462.9360,1
MMH9,10:00:17,2462.8870,10
MMH9,10:00:17,2538.0290,50
MMH9,10:00:17,2613.4160,10
MMH9,10:00:17,2387.2075,40
MMH9,10:00:17,2387.3975,5
MMH9,10:00:17,2538.2310,5
MMH9,10:00:18,2437.7070,5
MMH9,10:00:20,2538.1300,5
MMH9,10:00:20,2588.3900,5
MMH9,10:00:21,2562.6990,1
MMH9,10:00:22,2638.0725,1
MMH9,10:00:22,2513.3500,1
MMH9,10:00:25,2438.1920,1
MMH9,10:00:25,2538.8370,1
MMH9,10:00:27,2588.4415,1
MMH9,10:00:31,2437.9495,1
MMH9,10:00:31,2437.9495,2
MMH9,10:00:31,2513.3500,1
MMH9,10:00:31,2412.8160,1
MMH9,10:00:32,2588.7505,1
MMH9,10:00:33,2463.0830,2
MMH9,10:00:33,2513.5500,1
MMH9,10:00:34,2412.7680,2
MMH9,10:00:34,2613.8320,1
MMH9,10:00:35,2513.3000,1
MMH9,10:00:35,2588.6475,1
MMH9,10:00:35,2537.7765,5
MMH9,10:00:35,2613.0520,1
MMH9,10:00:35,2588.6475,1
MMH9,10:00:36,2387.5875,1
MMH9,10:00:36,2538.3825,1
MMH9,10:00:36,2387.5875,1
MMH9,10:00:36,2387.5400,1
MMH9,10:00:36,2387.5400,1
MMH9,10:00:37,2513.2000,1
MMH9,10:00:37,2387.5400,2
MMH9,10:00:37,2538.3320,2
MMH9,10:00:37,2412.6720,1
MMH9,10:00:37,2513.2000,1
MMH9,10:00:37,2387.5400,1
MMH9,10:00:39,2588.5445,2
MMH9,10:00:39,2563.4130,1
MMH9,10:00:39,2563.4130,1
MMH9,10:00:40,2538.2815,2
MMH9,10:00:40,2538.2815,1
MMH9,10:00:40,2412.6240,1
MMH9,10:00:41,2638.8075,1
MMH9,10:00:41,2638.8075,1
MMH9,10:00:41,2512.5500,1
MMH9,10:00:41,2488.0185,2
MMH9,10:00:41,2563.2600,1
MMH9,10:00:41,2538.1300,1
MMH9,10:00:43,2462.7400,1
MMH9,10:00:43,2462.7400,2
MMH9,10:00:43,2487.8700,9
MMH9,10:00:44,2563.2090,1
MMH9,10:00:44,2513.0000,2
MMH9,10:00:45,2613.0520,1
MMH9,10:00:45,2437.1735,1
MMH9,10:00:45,2437.1735,2
MMH9,10:00:45,2562.8010,1
MMH9,10:00:46,2638.1775,25
MMH9,10:00:46,2638.1775,25
MMH9,10:00:46,2562.6480,1
MMH9,10:00:46,2437.0280,1
MMH9,10:00:46,2587.8750,1
MMH9,10:00:46,2462.2500,2
MMH9,10:00:47,2462.6910,1
MMH9,10:00:47,2387.3025,1
MMH9,10:00:47,2563.2090,2
MMH9,10:00:48,2487.7215,1
MMH9,10:00:48,2437.4645,1
MMH9,10:00:48,2588.3385,1
MMH9,10:00:48,2612.5840,1
MMH9,10:00:48,2462.6910,1
MMH9,10:00:49,2437.5615,1
MMH9,10:00:49,2613.4680,1
MMH9,10:00:49,2588.3385,1
MMH9,10:00:49,2538.0795,1
MMH9,10:00:49,2638.5975,1
MMH9,10:00:49,2512.9500,1
MMH9,10:00:49,2538.0795,1
MMH9,10:00:49,2613.4680,1
MMH9,10:00:50,2412.4320,1
MMH9,10:00:50,2437.6100,1
MMH9,10:00:50,2513.0000,1
MMH9,10:00:51,2462.6420,1
MMH9,10:00:51,2588.2870,1
MMH9,10:00:51,2563.1580,2
MMH9,10:00:51,2638.3875,1
MMH9,10:00:51,2437.3675,2
MMH9,10:00:51,2387.1125,1
MMH9,10:00:51,2588.1325,1
MMH9,10:00:51,2588.1325,1
MMH9,10:00:52,2638.5450,1
MMH9,10:00:52,2462.6420,1
MMH9,10:00:52,2613.4160,2
MMH9,10:00:52,2412.3840,1
MMH9,10:00:53,2437.3675,3
MMH9,10:00:53,2437.4160,1
MMH9,10:00:53,2613.3120,1
MMH9,10:00:53,2462.5440,1
MMH9,10:00:53,2588.1840,1
MMH9,10:00:53,2487.6720,1
MMH9,10:00:53,2412.2880,1
MMH9,10:00:53,2412.2880,1
MMH9,10:00:54,2588.1840,1
MMH9,10:00:54,2613.0000,15
MMH9,10:00:54,2437.1250,3
MMH9,10:00:54,2562.7500,3
MMH9,10:00:54,2412.0000,9
MMH9,10:00:54,2638.1250,15
MMH9,10:00:54,2487.3750,10
MMH9,10:00:54,2638.1250,5
MMH9,10:00:54,2437.1250,13
MMH9,10:00:54,2512.5500,10
MMH9,10:00:54,2412.0480,8
MMH9,10:00:55,2386.8750,2
MMH9,10:00:55,2487.4245,1
MMH9,10:00:55,2462.2990,2
MMH9,10:00:55,2638.1775,2
MMH9,10:00:55,2537.6755,2
MMH9,10:00:55,2587.7720,2
MMH9,10:00:56,2386.7325,1
MMH9,10:00:56,2411.9040,1
MMH9,10:00:56,2487.2760,1
MMH9,10:00:56,2638.0200,1
MMH9,10:00:57,2487.2760,1
MMH9,10:00:57,2562.6480,1
MMH9,10:00:57,2587.7720,1
MMH9,10:00:57,2462.1520,1
MMH9,10:00:57,2487.2760,2
MMH9,10:00:57,2613.3120,1
MMH9,10:00:57,2638.4400,3
MMH9,10:00:58,2537.9280,1
MMH9,10:00:58,2462.6420,1
MMH9,10:00:58,2387.2075,1
MMH9,10:00:58,2462.5930,1
MMH9,10:00:59,2588.0810,1
MMH9,10:00:59,2613.2080,1
MMH9,10:00:59,2462.4460,1
MMH9,10:00:59,2487.5730,1
MMH9,10:00:59,2437.3190,1
MMH9,10:00:59,2387.0650,2
MMH9,10:01:00,2436.9795,1
MMH9,10:01:00,2411.8560,1
MMH9,10:01:00,2411.9520,1
MMH9,10:01:00,2537.5745,1
MMH9,10:01:00,2437.0765,1
MMH9,10:01:00,2587.8235,1
MMH9,10:01:00,2462.2010,2
MMH9,10:01:00,2487.3255,1
MMH9,10:01:00,2487.3255,1
MMH9,10:01:00,2437.0765,1
MMH9,10:01:00,2512.4500,1
MMH9,10:01:00,2411.9520,2
MMH9,10:01:00,2462.2010,1
MMH9,10:01:00,2512.4500,1
MMH9,10:01:00,2487.3255,1
MMH9,10:01:00,2487.3255,1
MMH9,10:01:00,2587.8235,2
MMH9,10:01:00,2587.8235,1
MMH9,10:01:00,2612.9480,2
MMH9,10:01:00,2638.0725,1
MMH9,10:01:00,2437.0765,1
MMH9,10:01:00,2487.3255,1
MMH9,10:01:00,2462.2010,1
MMH9,10:01:00,2587.8235,2
MMH9,10:01:00,2411.9520,1
MMH9,10:01:00,2462.2010,1
MMH9,10:01:00,2612.9480,1
MMH9,10:01:00,2487.3255,1
MMH9,10:01:00,2512.4500,2
MMH9,10:01:00,2537.5745,2
MMH9,10:01:00,2612.9480,1
MMH9,10:01:01,2386.8275,1
MMH9,10:01:01,2462.2010,1
MMH9,10:01:01,2437.0765,2
MMH9,10:01:01,2612.9480,1
MMH9,10:01:01,2411.9520,10
MMH9,10:01:01,2462.2010,1
MMH9,10:01:01,2562.6990,1
MMH9,10:01:01,2537.5745,2
MMH9,10:01:01,2412.4320,1
MMH9,10:01:01,2587.5660,1
MMH9,10:01:02,2563.2600,1
MMH9,10:01:02,2487.8700,1
MMH9,10:01:02,2563.2600,1
MMH9,10:01:02,2462.7400,2
MMH9,10:01:02,2587.9780,10
MMH9,10:01:02,2412.0000,2
MMH9,10:01:02,2512.5000,2
MMH9,10:01:03,2461.6620,5
MMH9,10:01:04,2511.7500,5
MMH9,10:01:04,2486.6325,5
MMH9,10:01:05,2587.7205,1
MMH9,10:01:06,2462.1030,1
MMH9,10:01:06,2612.8440,1
MMH9,10:01:06,2411.7120,1
MMH9,10:01:06,2562.2910,1
MMH9,10:01:07,2637.6525,1
MMH9,10:01:07,2637.9150,2
MMH9,10:01:07,2411.7600,1
MMH9,10:01:07,2637.9150,1
MMH9,10:01:07,2512.3000,2
MMH9,10:01:07,2587.5145,1
MMH9,10:01:08,2386.5425,1
MMH9,10:01:08,2612.5840,1
MMH9,10:01:08,2512.1000,1
MMH9,10:01:08,2587.5145,1
MMH9,10:01:08,2461.8580,1
MMH9,10:01:08,2537.2715,1
MMH9,10:01:08,2562.5460,1
MMH9,10:01:08,2487.1770,1
MMH9,10:01:08,2487.1770,8
MMH9,10:01:13,2387.0175,1
MMH9,10:01:13,2437.2705,1
MMH9,10:01:13,2387.0175,1
MMH9,10:01:13,2638.3875,1
MMH9,10:01:13,2487.6225,1
MMH9,10:01:16,2612.6880,1
MMH9,10:01:18,2537.1200,1
MMH9,10:01:18,2537.0190,2
MMH9,10:01:18,2411.6160,1
MMH9,10:01:18,2486.9295,1
MMH9,10:01:18,2462.2500,1
MMH9,10:01:18,2512.5500,1
MMH9,10:01:25,2562.6480,4
MMH9,10:01:26,2386.7800,10
MMH9,10:01:26,2638.0200,10
MMH9,10:01:27,2587.7720,1
MMH9,10:01:28,2437.0280,9
MMH9,10:01:29,2462.1520,10
MMH9,10:01:29,2613.0000,2
MMH9,10:01:29,2537.6250,2
MMH9,10:01:29,2537.5240,1
MMH9,10:01:29,2411.9040,2
MMH9,10:01:29,2562.6480,1
MMH9,10:01:30,2562.6480,9
MMH9,10:01:31,2437.1250,4
MMH9,10:01:31,2437.2220,1
MMH9,10:01:31,2562.9540,1
MMH9,10:01:34,2412.2400,2
MMH9,10:01:34,2462.4950,2
MMH9,10:01:34,2437.3675,13
MMH9,10:01:34,2537.8775,15
MMH9,10:01:34,2437.3675,14
MMH9,10:01:34,2638.3875,1
MMH9,10:01:34,2563.0050,2
MMH9,10:01:34,2588.1325,1
MMH9,10:01:34,2437.3675,12
MMH9,10:01:34,2638.6500,5
MMH9,10:01:34,2462.7400,5
MMH9,10:01:34,2387.3500,11
MMH9,10:01:34,2538.1300,10
MMH9,10:01:34,2613.5200,10
MMH9,10:01:34,2487.8700,10
MMH9,10:01:34,2588.3900,1
MMH9,10:01:34,2487.8700,3
MMH9,10:01:41,2462.1520,1
MMH9,10:01:42,2588.0810,4
MMH9,10:01:42,2613.6240,1
MMH9,10:01:42,2513.1000,5
MMH9,10:01:42,2538.2815,15
MMH9,10:01:42,2588.5960,1
MMH9,10:01:42,2437.8040,24
MMH9,10:01:42,2387.2075,5
MMH9,10:01:42,2387.2075,5
MMH9,10:01:42,2412.5760,1
MMH9,10:01:42,2513.1500,9
MMH9,10:01:42,2412.4800,1
MMH9,10:01:42,2563.2600,24
MMH9,10:01:42,2437.7555,1
MMH9,10:01:42,2538.2815,1
MMH9,10:01:42,2462.8870,8
MMH9,10:01:42,2563.4130,1
MMH9,10:01:42,2638.7025,1
MMH9,10:01:42,2638.6500,1
MMH9,10:01:42,2387.3500,1
MMH9,10:01:42,2437.4645,1
MMH9,10:01:42,2638.4400,5
MMH9,10:01:42,2538.2815,1
MMH9,10:01:42,2387.4925,3
MMH9,10:01:42,2462.8870,1
MMH9,10:01:42,2563.4130,1
MMH9,10:01:42,2638.8075,1
MMH9,10:01:43,2538.3825,1
MMH9,10:01:43,2387.6350,1
MMH9,10:01:43,2614.0920,1
MMH9,10:01:43,2488.3650,1
MMH9,10:01:43,2463.2790,1
MMH9,10:01:43,2438.1435,1
MMH9,10:01:43,2387.8725,1
MMH9,10:01:43,2488.4145,1
MMH9,10:01:43,2614.0920,2
MMH9,10:01:43,2538.6350,1
MMH9,10:01:43,2614.0920,1
MMH9,10:01:44,2588.9050,1
MMH9,10:01:44,2538.6855,4
MMH9,10:01:45,2563.7700,2
MMH9,10:01:45,2387.7775,2
MMH9,10:01:46,2412.8160,5
MMH9,10:01:46,2513.3500,5
MMH9,10:01:46,2412.8160,1
MMH9,10:01:46,2437.9495,1
MMH9,10:01:46,2488.0680,1
MMH9,10:01:46,2563.4130,3
MMH9,10:01:48,2437.7555,3
MMH9,10:01:48,2638.8075,9
MMH9,10:01:52,2488.2165,3
MMH9,10:01:52,2387.6825,4
MMH9,10:01:52,2387.6825,8
MMH9,10:01:52,2412.8160,6
MMH9,10:01:52,2513.5000,1
MMH9,10:01:52,2488.3650,3
MMH9,10:01:52,2563.7700,2
MMH9,10:01:52,2563.7700,4
MMH9,10:01:52,2513.5000,1
MMH9,10:01:52,2387.8250,8
MMH9,10:01:52,2513.5000,1
MMH9,10:01:53,2538.7865,15
MMH9,10:01:53,2488.5135,15
MMH9,10:01:53,2589.0595,9
MMH9,10:01:54,2387.7300,1
MMH9,10:02:01,2613.8840,1
MMH9,10:02:01,2437.9495,1
MMH9,10:02:01,2588.7505,4
MMH9,10:02:05,2412.7680,1
MMH9,10:02:08,2588.6475,1
MMH9,10:02:08,2387.4450,5
MMH9,10:02:08,2513.0500,1
MMH9,10:02:08,2412.4800,1
MMH9,10:02:08,2512.9500,2
MMH9,10:02:23,2437.8525,1
MMH9,10:02:23,2513.2500,14
MMH9,10:02:36,2462.0540,1
MMH9,10:02:36,2637.8100,1
MMH9,10:02:36,2537.2715,8
MMH9,10:02:45,2461.7600,1
MMH9,10:02:45,2486.8800,1
MMH9,10:03:00,2511.6000,4
MMH9,10:03:00,2461.3680,4
MMH9,10:03:02,2561.8830,5
MMH9,10:03:11,2586.6905,10
MMH9,10:03:11,2486.1870,1
MMH9,10:03:12,2460.8780,1
MMH9,10:03:12,2460.8290,5
MMH9,10:03:12,2536.1605,1
MMH9,10:03:12,2410.5600,2
MMH9,10:03:12,2636.4975,1
MMH9,10:03:14,2460.5840,1
MMH9,10:03:14,2435.5730,1
MMH9,10:03:21,2384.5950,1
MMH9,10:03:21,2434.8455,4
MMH9,10:03:21,2434.8455,1
MMH9,10:03:22,2610.4000,1
MMH9,10:03:24,2610.4000,1
MMH9,10:03:25,2535.1000,1
MMH9,10:03:25,2484.9000,1
MMH9,10:03:25,2409.6000,1
MMH9,10:03:25,2484.9000,1
MMH9,10:03:25,2384.5000,1
MMH9,10:03:25,2434.7000,2
MMH9,10:03:25,2560.2000,2
MMH9,10:03:25,2409.6000,1
MMH9,10:03:26,2585.1970,10
MMH9,10:03:26,2484.9495,3
MMH9,10:03:28,2635.5000,4
MMH9,10:03:28,2384.5000,4
MMH9,10:03:29,2509.8500,1
MMH9,10:03:29,2384.3575,1
MMH9,10:03:29,2409.2640,2
MMH9,10:03:35,2610.0880,1
MMH9,10:03:35,2584.9395,3
MMH9,10:03:40,2585.3000,4
MMH9,10:03:40,2409.6000,4
MMH9,10:03:41,2635.6575,15
MMH9,10:03:44,2459.9470,1
MMH9,10:03:44,2459.9470,1
MMH9,10:03:46,2585.4545,1
MMH9,10:03:49,2510.5500,2
MMH9,10:03:51,2435.2335,1
MMH9,10:04:00,2636.7075,5
MMH9,10:04:00,2460.9270,1
MMH9,10:04:00,2410.6080,5
MMH9,10:04:00,2511.1000,1
MMH9,10:04:00,2511.1000,1
MMH9,10:04:00,2435.7670,1
MMH9,10:04:00,2461.0250,1
MMH9,10:04:00,2561.4750,25
MMH9,10:04:02,2386.0675,2
MMH9,10:04:07,2461.3190,3
MMH9,10:04:10,2637.1800,1
MMH9,10:04:14,2612.2200,2
MMH9,10:04:14,2436.3975,1
MMH9,10:04:18,2612.7400,10
MMH9,10:04:18,2411.7600,1
MMH9,10:04:18,2462.0050,1
MMH9,10:04:38,2386.4950,1
MMH9,10:04:40,2637.7050,2
MMH9,10:04:40,2537.2210,4
MMH9,10:04:43,2512.1000,15
MMH9,10:04:50,2536.6150,1
MMH9,10:04:50,2411.0400,1
MMH9,10:04:50,2486.3355,1
MMH9,10:04:51,2486.2860,1
MMH9,10:04:56,2536.0090,1
MMH9,10:04:56,2460.6820,1
MMH9,10:04:56,2611.2840,1
MMH9,10:04:57,2385.2600,1
MMH9,10:04:58,2460.5840,1
MMH9,10:05:00,2385.3550,1
MMH9,10:05:00,2460.6820,2
MMH9,10:05:01,2561.1690,1
MMH9,10:05:02,2511.2000,1
MMH9,10:05:05,2535.9080,1
MMH9,10:05:05,2586.0725,1
MMH9,10:05:15,2435.6700,1
MMH9,10:05:19,2511.3000,1
MMH9,10:05:23,2586.8450,1
MMH9,10:05:23,2436.2035,4
MMH9,10:05:23,2436.1550,1
MMH9,10:05:23,2612.0120,1
MMH9,10:05:23,2436.2035,8
MMH9,10:05:24,2410.8480,1
MMH9,10:05:26,2410.8960,1
MMH9,10:05:32,2461.4660,1
MMH9,10:05:32,2612.2200,1
MMH9,10:05:33,2636.8650,1
MMH9,10:05:33,2636.8125,1
MMH9,10:05:38,2536.5645,1
MMH9,10:05:40,2636.9175,1
MMH9,10:05:40,2436.0095,2
MMH9,10:05:42,2461.4660,1
MMH9,10:06:02,2411.8080,1
MMH9,10:06:03,2487.2265,1
MMH9,10:06:03,2612.7920,1
MMH9,10:06:07,2461.9560,1
MMH9,10:06:20,2612.9480,1
MMH9,10:06:20,2437.0765,2
MMH9,10:06:20,2411.9520,2
MMH9,10:06:21,2411.8080,1
MMH9,10:06:39,2613.0000,1
MMH9,10:06:39,2462.2990,1
MMH9,10:06:39,2512.5500,5
MMH9,10:06:39,2487.5235,5
MMH9,10:06:39,2613.2080,1
MMH9,10:06:39,2588.0810,15
MMH9,10:06:39,2437.3675,5
MMH9,10:06:39,2412.3360,21
MMH9,10:06:43,2638.0725,1
MMH9,10:06:45,2537.6250,2
MMH9,10:06:45,2437.0765,1
MMH9,10:06:46,2487.4245,1
MMH9,10:06:46,2487.5730,9
MMH9,10:06:51,2487.4245,5
MMH9,10:06:54,2512.7500,2
MMH9,10:06:55,2638.3350,10
MMH9,10:06:58,2588.0810,1
MMH9,10:06:58,2487.6225,1
MMH9,10:07:01,2462.2010,2
MMH9,10:07:05,2587.5145,1
MMH9,10:07:12,2612.0120,1
MMH9,10:07:12,2536.6655,4
MMH9,10:07:12,2586.8965,5
MMH9,10:07:12,2385.9725,5
MMH9,10:07:13,2385.8300,1
MMH9,10:07:14,2586.7420,4
MMH9,10:07:14,2410.9920,5
MMH9,10:07:19,2410.7040,5
MMH9,10:07:19,2460.9270,5
MMH9,10:07:19,2561.3730,1
MMH9,10:07:19,2486.0385,25
MMH9,10:07:19,2460.9270,1
MMH9,10:07:20,2636.4975,1
MMH9,10:07:20,2636.2350,8
MMH9,10:07:21,2385.3075,5
MMH9,10:07:21,2410.4640,1
MMH9,10:07:21,2435.5730,1
MMH9,10:07:21,2460.7310,5
MMH9,10:07:21,2636.4975,5
MMH9,10:07:21,2536.0595,1
MMH9,10:07:21,2586.3300,1
MMH9,10:07:21,2636.4450,10
MMH9,10:07:21,2586.2270,10
MMH9,10:07:23,2611.3360,2
MMH9,10:07:23,2435.6700,1
MMH9,10:07:28,2385.5925,2
MMH9,10:07:28,2385.5925,1
MMH9,10:07:28,2611.5960,7
MMH9,10:07:28,2586.4845,3
MMH9,10:07:29,2435.7670,1
MMH9,10:07:35,2535.6555,5
MMH9,10:07:35,2485.4445,10
MMH9,10:07:37,2535.7565,3
MMH9,10:07:37,2585.8150,1
MMH9,10:07:37,2384.9750,1
MMH9,10:07:38,2636.0250,1
MMH9,10:07:38,2585.8150,1
MMH9,10:07:38,2410.0800,2
MMH9,10:07:39,2585.7635,5
MMH9,10:07:39,2460.1920,10
MMH9,10:07:45,2485.3950,1
MMH9,10:07:45,2410.0320,2
MMH9,10:07:53,2560.6080,4
MMH9,10:08:00,2635.8675,5
MMH9,10:08:14,2434.5545,1
MMH9,10:08:16,2409.3120,1
MMH9,10:08:16,2434.3605,5
MMH9,10:08:16,2584.8365,5
MMH9,10:08:18,2484.4050,1
MMH9,10:08:18,2559.6390,5
MMH9,10:08:18,2434.3605,4
MMH9,10:08:28,2534.8475,1
MMH9,10:08:36,2560.1490,4
MMH9,10:08:40,2460.0940,4
MMH9,10:08:40,2385.1175,1
MMH9,10:08:40,2611.0240,1
MMH9,10:08:45,2636.3400,2
MMH9,10:08:51,2460.4370,1
MMH9,10:08:51,2611.0760,1
MMH9,10:08:51,2611.0760,1
MMH9,10:08:51,2485.4940,1
MMH9,10:08:51,2535.6555,1
MMH9,10:08:51,2610.9720,1
MMH9,10:09:03,2510.7000,1
MMH9,10:09:03,2636.2350,1
MMH9,10:09:05,2611.1280,4
MMH9,10:09:15,2610.6080,1
MMH9,10:09:15,2560.3530,1
MMH9,10:09:16,2485.2960,1
MMH9,10:09:16,2510.4500,4
MMH9,10:09:19,2485.4445,2
MMH9,10:09:21,2586.0725,1
MMH9,10:09:21,2460.5350,3
MMH9,10:09:24,2435.5730,1
MMH9,10:09:24,2636.4975,1
MMH9,10:09:24,2536.0595,2
MMH9,10:09:24,2385.1650,1
MMH9,10:09:24,2385.1650,1
MMH9,10:09:26,2435.4275,2
MMH9,10:09:28,2535.9585,1
MMH9,10:09:28,2636.3925,1
MMH9,10:09:28,2485.7415,1
MMH9,10:09:28,2460.6330,1
MMH9,10:09:28,2435.5245,1
MMH9,10:09:28,2485.7415,1
MMH9,10:09:35,2611.0240,9
MMH9,10:09:39,2435.3790,4
MMH9,10:09:45,2435.2820,1
MMH9,10:09:48,2510.5000,3
MMH9,10:09:48,2510.5000,1
MMH9,10:09:58,2435.4275,5
MMH9,10:09:58,2435.4275,3
MMH9,10:09:58,2384.9750,3
MMH9,10:09:59,2435.1850,2
MMH9,10:09:59,2384.9750,1
MMH9,10:09:59,2560.7100,1
MMH9,10:10:00,2636.1825,1
MMH9,10:10:00,2435.3790,1
MMH9,10:10:00,2385.2125,2
MMH9,10:10:00,2410.3200,1
MMH9,10:10:00,2610.9720,2
MMH9,10:10:00,2384.8800,1
MMH9,10:10:01,2485.4940,1
MMH9,10:10:01,2410.2240,2
MMH9,10:10:01,2485.5435,1
MMH9,10:10:01,2460.4370,1
MMH9,10:10:01,2435.3305,1
MMH9,10:10:02,2586.1755,2
MMH9,10:10:08,2535.9585,1
MMH9,10:10:08,2460.6330,5
MMH9,10:10:08,2611.3360,1
MMH9,10:10:08,2385.4025,5
MMH9,10:10:08,2536.1100,1
MMH9,10:10:08,2385.4975,1
MMH9,10:10:08,2511.0500,5
MMH9,10:10:08,2636.7075,5
MMH9,10:10:08,2460.9270,25
MMH9,10:10:08,2385.6400,11
MMH9,10:10:23,2610.6080,1
MMH9,10:10:27,2585.6090,1
MMH9,10:10:27,2610.7640,5
MMH9,10:10:27,2409.9840,1
MMH9,10:10:27,2435.1365,15
MMH9,10:10:27,2635.9725,5
MMH9,10:10:27,2636.0775,5
MMH9,10:10:27,2560.8120,15
MMH9,10:10:27,2636.1825,3
MMH9,10:10:36,2635.5000,2
MMH9,10:10:36,2635.5000,2
MMH9,10:10:37,2459.6530,1
MMH9,10:10:43,2534.6960,1
MMH9,10:10:43,2409.1680,1
MMH9,10:10:43,2609.9320,1
MMH9,10:10:43,2634.9750,1
MMH9,10:10:43,2609.8800,1
MMH9,10:10:43,2609.8800,1
MMH9,10:10:43,2384.0250,1
MMH9,10:10:43,2434.2150,1
MMH9,10:10:43,2434.2150,1
MMH9,10:10:43,2509.5000,1
MMH9,10:10:43,2609.8800,1
MMH9,10:10:44,2384.0250,1
MMH9,10:10:46,2459.3590,1
MMH9,10:10:48,2409.1200,1
MMH9,10:10:51,2409.3600,1
MMH9,10:10:54,2609.8800,1
MMH9,10:10:54,2459.3100,3
MMH9,10:10:56,2509.5000,2
MMH9,10:10:56,2484.2565,5
MMH9,10:10:56,2609.8280,2
MMH9,10:11:00,2634.9750,4
MMH9,10:11:06,2409.0240,3
MMH9,10:11:06,2409.0240,1
MMH9,10:11:11,2434.0695,4
MMH9,10:11:14,2383.8350,1
MMH9,10:11:14,2609.6200,1
MMH9,10:11:20,2609.8280,1
MMH9,10:11:20,2534.5445,4
MMH9,10:11:22,2559.8430,1
MMH9,10:11:26,2484.3060,2
MMH9,10:11:30,2484.3060,3
MMH9,10:11:30,2383.9300,1
MMH9,10:11:33,2384.0250,4
MMH9,10:11:33,2585.2485,1
MMH9,10:11:33,2535.0495,2
MMH9,10:11:33,2459.8000,10
MMH9,10:11:33,2560.2510,1
MMH9,10:11:33,2459.8000,2
MMH9,10:11:33,2610.6080,10
MMH9,10:11:33,2409.6000,8
MMH9,10:11:34,2434.6515,5
MMH9,10:11:34,2535.1505,4
MMH9,10:11:34,2434.7485,1
MMH9,10:11:34,2459.7510,5
MMH9,10:11:34,2434.6515,5
MMH9,10:11:34,2560.2000,1
MMH9,10:11:34,2635.6050,1
MMH9,10:11:36,2384.3575,8
MMH9,10:11:39,2635.5000,10
MMH9,10:11:39,2459.8000,4
MMH9,10:11:39,2560.2000,1
MMH9,10:11:47,2459.9960,10
MMH9,10:11:48,2384.6900,10
MMH9,10:11:55,2384.8325,1
MMH9,10:11:57,2410.2240,10
MMH9,10:12:34,2459.9470,10
MMH9,10:12:35,2635.9200,1
MMH9,10:12:35,2384.8800,1
MMH9,10:12:39,2384.9275,1
MMH9,10:12:39,2485.3455,1
MMH9,10:12:39,2409.8880,1
MMH9,10:12:39,2510.3000,1
MMH9,10:12:39,2384.7375,1
MMH9,10:12:39,2560.4550,1
MMH9,10:12:39,2585.5575,1
MMH9,10:12:39,2560.4550,1
MMH9,10:12:40,2560.4550,1
MMH9,10:12:40,2460.0450,1
MMH9,10:12:48,2535.3525,1
MMH9,10:12:50,2384.7375,1
MMH9,10:12:52,2635.9200,1
MMH9,10:13:07,2560.5060,1
MMH9,10:13:09,2635.5000,1
MMH9,10:13:10,2510.0000,4
MMH9,10:13:10,2635.2900,2
MMH9,10:13:20,2559.6900,4
MMH9,10:13:26,2409.3600,8
MMH9,10:13:30,2459.4570,4
MMH9,10:13:30,2610.0360,5
MMH9,10:13:34,2434.4575,5
MMH9,10:13:34,2384.1675,1
MMH9,10:13:34,2534.7465,1
MMH9,10:13:34,2434.3605,1
MMH9,10:13:35,2384.3575,4
MMH9,10:13:37,2434.7000,4
MMH9,10:13:39,2535.0495,1
MMH9,10:13:39,2484.8505,1
MMH9,10:13:40,2510.1500,1
MMH9,10:13:40,2510.1500,1
MMH9,10:13:40,2384.6425,2
MMH9,10:13:42,2434.8455,2
MMH9,10:13:42,2384.7850,3
MMH9,10:13:42,2384.7850,1
MMH9,10:13:42,2385.0700,1
MMH9,10:13:42,2435.2820,1
MMH9,10:13:42,2560.8120,1
MMH9,10:13:42,2385.0700,1
MMH9,10:13:45,2435.0880,1
MMH9,10:13:45,2460.1430,1
MMH9,10:13:54,2610.2440,1
MMH9,10:13:54,2635.2375,1
MMH9,10:13:54,2384.3100,1
MMH9,10:13:54,2585.0425,1
MMH9,10:13:54,2459.5550,1
MMH9,10:13:54,2610.1400,1
MMH9,10:13:55,2560.1490,5
MMH9,10:13:59,2434.6030,1
MMH9,10:14:01,2635.4475,1
MMH9,10:14:01,2434.6515,1
MMH9,10:14:01,2409.5520,1
MMH9,10:14:01,2409.5520,1
MMH9,10:14:02,2610.2440,5
MMH9,10:14:02,2434.5545,11
MMH9,10:14:02,2509.7000,1
MMH9,10:14:10,2634.9225,1
MMH9,10:14:34,2433.9725,1
MMH9,10:14:34,2408.8800,1
MMH9,10:14:34,2408.8800,1
MMH9,10:14:39,2383.9775,1
MMH9,10:14:48,2459.4570,1
MMH9,10:15:02,2434.4090,1
MMH9,10:15:02,2434.5060,1
MMH9,10:15:02,2459.6530,2
MMH9,10:15:18,2534.6960,1
MMH9,10:15:47,2460.0450,1
MMH9,10:15:48,2384.9275,1
MMH9,10:16:14,2585.8665,1
MMH9,10:16:22,2511.0000,1
MMH9,10:16:22,2410.5600,1
MMH9,10:16:24,2536.1100,1
MMH9,10:16:32,2435.6215,1
MMH9,10:16:34,2485.9890,1
MMH9,10:16:34,2586.5360,1
MMH9,10:16:34,2611.7000,1
MMH9,10:16:34,2511.2500,2
MMH9,10:16:49,2561.1690,2
MMH9,10:16:49,2385.4025,5
MMH9,10:16:52,2611.2320,5
MMH9,10:16:52,2636.2875,15
MMH9,10:17:02,2385.4025,1
MMH9,10:17:06,2385.3550,1
MMH9,10:17:33,2410.6560,1
MMH9,10:17:34,2385.4975,1
MMH9,10:17:38,2461.0740,11
MMH9,10:17:58,2611.5440,1
MMH9,10:18:00,2611.8560,1
MMH9,10:18:01,2586.6905,1
MMH9,10:18:01,2611.7520,1
MMH9,10:18:01,2486.1870,1
MMH9,10:18:03,2511.3500,3
MMH9,10:18:03,2461.1230,2
MMH9,10:18:34,2612.0120,1
MMH9,10:18:34,2511.6000,1
MMH9,10:18:34,2612.0640,1
MMH9,10:18:34,2411.1840,1
MMH9,10:18:34,2612.1160,5
MMH9,10:18:34,2511.7000,1
MMH9,10:18:34,2511.7500,1
MMH9,10:18:34,2561.9850,5
MMH9,10:18:34,2561.9850,4
MMH9,10:18:51,2385.5925,1
MMH9,10:18:51,2636.7075,1
MMH9,10:18:52,2536.2615,2
MMH9,10:18:58,2536.5645,1
MMH9,10:18:58,2411.0400,1
MMH9,10:18:58,2561.7810,5
MMH9,10:18:58,2511.6500,3
MMH9,10:19:08,2586.5360,1
MMH9,10:19:09,2561.2710,4
MMH9,10:19:19,2611.4400,1
MMH9,10:19:19,2410.5600,7
MMH9,10:19:19,2460.7800,1
MMH9,10:19:19,2611.4920,1
MMH9,10:19:19,2561.3220,1
MMH9,10:19:19,2536.2110,1
MMH9,10:19:19,2385.5925,5
MMH9,10:19:19,2511.2000,4
MMH9,10:19:19,2460.9760,20
MMH9,10:19:19,2410.7520,1
MMH9,10:19:19,2385.6875,5
MMH9,10:19:19,2461.1230,1
MMH9,10:19:19,2511.3500,1
MMH9,10:19:19,2561.3730,10
MMH9,10:19:19,2385.6400,25
MMH9,10:19:19,2586.6390,1
MMH9,10:19:19,2586.6905,4
MMH9,10:19:19,2636.9175,15
MMH9,10:19:19,2461.2210,5
MMH9,10:19:19,2511.5000,1
MMH9,10:19:19,2385.9250,3
MMH9,10:19:19,2436.1550,6
MMH9,10:19:19,2611.5960,2
MMH9,10:19:19,2536.2615,2
MMH9,10:19:19,2460.9270,1
MMH9,10:19:19,2586.7935,10
MMH9,10:19:19,2536.5645,2
MMH9,10:19:19,2486.3355,1
MMH9,10:19:20,2586.4845,5
MMH9,10:19:22,2561.3730,1
MMH9,10:19:22,2586.4845,1
MMH9,10:19:28,2611.6480,10
MMH9,10:19:29,2636.7600,1
MMH9,10:19:29,2536.3120,3
MMH9,10:19:36,2611.7000,5
MMH9,10:19:37,2385.6875,5
MMH9,10:19:38,2461.1230,1
MMH9,10:19:38,2410.8960,5
MMH9,10:19:38,2611.8040,1
MMH9,10:19:39,2637.1275,1
MMH9,10:19:39,2561.7810,2
MMH9,10:19:39,2536.6655,2
MMH9,10:19:47,2435.9125,1
MMH9,10:19:52,2611.9600,8
MMH9,10:19:54,2410.8960,8
MMH9,10:19:54,2511.4500,1
MMH9,10:19:56,2561.6790,1
MMH9,10:19:56,2486.1375,1
MMH9,10:19:57,2586.4330,1
MMH9,10:19:57,2435.7185,5
MMH9,10:19:57,2636.6025,5
MMH9,10:19:57,2636.6550,1
MMH9,10:20:19,2636.7600,1
MMH9,10:20:31,2561.3730,5
MMH9,10:20:52,2586.2270,1
MMH9,10:21:11,2535.5040,1
MMH9,10:21:12,2384.8800,1
MMH9,10:21:13,2560.7100,3
MMH9,10:21:27,2384.7375,1
MMH9,10:21:38,2459.9960,3
MMH9,10:21:38,2635.7100,1
MMH9,10:21:42,2535.4030,3
MMH9,10:22:00,2635.6050,1
MMH9,10:22:04,2635.6575,4
MMH9,10:22:04,2611.0240,2
MMH9,10:22:04,2636.2350,1
MMH9,10:22:54,2435.2335,1
MMH9,10:23:13,2384.8800,1
MMH9,10:23:13,2485.1475,1
MMH9,10:23:13,2610.6600,1
MMH9,10:23:13,2585.5575,1
MMH9,10:23:13,2384.9275,1
MMH9,10:23:13,2460.2900,5
MMH9,10:23:15,2610.9720,1
MMH9,10:23:15,2535.6555,1
MMH9,10:23:15,2460.2900,1
MMH9,10:23:15,2636.0250,1
MMH9,10:23:15,2435.1850,2
MMH9,10:23:16,2385.2125,1
MMH9,10:23:16,2385.3550,8
MMH9,10:23:16,2561.1180,4
MMH9,10:23:16,2485.7910,13
MMH9,10:23:26,2460.4370,1
MMH9,10:23:31,2385.3550,1
MMH9,10:24:18,2460.3390,1
MMH9,10:24:29,2610.9720,1
MMH9,10:24:29,2410.0800,1
MMH9,10:24:29,2510.5000,1
MMH9,10:24:29,2510.4500,1
MMH9,10:24:29,2635.9725,5
MMH9,10:24:29,2384.8325,1
MMH9,10:24:45,2561.2710,15
MMH9,10:24:45,2460.8780,1
MMH9,10:24:45,2511.1500,1
MMH9,10:24:45,2611.5960,2
MMH9,10:25:03,2435.4275,2
MMH9,10:25:19,2611.1800,1
MMH9,10:25:19,2385.2600,1
MMH9,10:26:38,2385.3550,1
MMH9,10:28:48,2385.3550,1
MMH9,10:28:48,2510.8500,1
MMH9,10:29:06,2410.2720,4
MMH9,10:29:06,2485.5930,1
MMH9,10:29:06,2611.1280,1
MMH9,10:29:36,2485.7415,1
MMH9,10:29:36,2561.0160,25
MMH9,10:29:36,2636.2875,1
MMH9,10:29:36,2385.2125,5
MMH9,10:29:36,2510.7000,1
MMH9,10:29:36,2560.9140,27
MMH9,10:29:44,2561.1690,10
MMH9,10:29:44,2485.7415,1
MMH9,10:29:44,2435.5245,1
MMH9,10:29:44,2435.4760,1
MMH9,10:29:44,2560.9650,1
MMH9,10:29:44,2385.2125,15
MMH9,10:29:44,2636.2875,5
MMH9,10:29:44,2460.4860,6
MMH9,10:29:45,2586.3815,6
MMH9,10:30:19,2436.1550,2
MMH9,10:30:19,2536.6150,1
MMH9,10:30:19,2536.6655,1
MMH9,10:30:19,2536.6655,1
MMH9,10:30:19,2461.3190,2
MMH9,10:30:20,2612.1680,10
MMH9,10:30:21,2461.5150,2
MMH9,10:30:21,2461.5150,1
MMH9,10:30:21,2411.2800,1
MMH9,10:30:21,2612.0640,3
MMH9,10:30:25,2512.1500,1
MMH9,10:30:25,2386.5425,3
MMH9,10:30:26,2537.3725,1
MMH9,10:30:26,2462.0050,1
MMH9,10:30:28,2612.6880,1
MMH9,10:30:28,2386.6375,1
MMH9,10:30:33,2587.3600,1
MMH9,10:30:33,2587.4115,1
MMH9,10:30:33,2386.4475,1
MMH9,10:30:33,2587.4115,1
MMH9,10:30:36,2612.5320,2
MMH9,10:30:41,2612.8960,1
MMH9,10:30:42,2411.6640,1
MMH9,10:30:42,2562.3420,1
MMH9,10:30:42,2486.9295,1
MMH9,10:30:42,2486.9295,2
MMH9,10:30:42,2562.6480,1
MMH9,10:30:42,2386.8275,1
MMH9,10:30:43,2386.8275,1
MMH9,10:30:44,2462.2990,2
MMH9,10:30:45,2588.0810,2
MMH9,10:30:53,2563.0050,8
MMH9,10:30:54,2437.2705,1
MMH9,10:30:54,2487.4245,1
MMH9,10:30:54,2613.0000,1
MMH9,10:30:54,2462.2990,1
MMH9,10:30:54,2562.8010,1
MMH9,10:30:54,2487.3750,1
MMH9,10:30:54,2638.0725,1
MMH9,10:30:54,2386.9225,1
MMH9,10:30:54,2386.8275,4
MMH9,10:30:54,2411.9040,1
MMH9,10:30:54,2587.7205,1
MMH9,10:30:54,2637.9675,5
MMH9,10:30:54,2386.6850,9
MMH9,10:30:54,2562.8010,1
MMH9,10:30:54,2612.7920,2
MMH9,10:30:54,2638.0200,1
MMH9,10:30:54,2512.3000,1
MMH9,10:30:54,2562.5460,1
MMH9,10:30:58,2487.5235,5
MMH9,10:30:58,2537.8775,5
MMH9,10:30:58,2638.4400,1
MMH9,10:30:58,2512.7500,5
MMH9,10:30:59,2412.3360,5
MMH9,10:31:02,2513.0000,3
MMH9,10:31:02,2513.1000,1
MMH9,10:31:02,2588.4415,1
MMH9,10:31:03,2613.7280,1
MMH9,10:31:03,2513.1000,1
MMH9,10:31:05,2412.4800,1
MMH9,10:31:05,2387.3975,1
MMH9,10:31:11,2437.4160,1
MMH9,10:31:13,2638.2825,1
MMH9,10:31:18,2462.2500,2
MMH9,10:31:19,2537.4230,1
MMH9,10:31:23,2462.4460,10
MMH9,10:31:29,2387.0650,10
MMH9,10:31:31,2512.7000,1
MMH9,10:31:41,2587.9780,1
MMH9,10:31:49,2587.8750,1
MMH9,10:31:49,2537.6250,1
MMH9,10:31:49,2437.1250,1
MMH9,10:32:07,2487.5235,1
MMH9,10:32:19,2512.4000,1
MMH9,10:32:27,2386.9225,1
MMH9,10:32:29,2537.6250,1
MMH9,10:32:36,2411.8080,1
MMH9,10:33:02,2637.5475,5
MMH9,10:33:09,2561.3220,1
MMH9,10:33:09,2435.7185,1
MMH9,10:33:09,2561.2710,1
MMH9,10:33:09,2536.1605,1
MMH9,10:33:09,2611.4920,5
MMH9,10:33:09,2485.8900,1
MMH9,10:33:09,2536.3120,1
MMH9,10:33:09,2586.5875,1
MMH9,10:33:09,2611.7000,1
MMH9,10:33:09,2461.0740,1
MMH9,10:33:09,2636.8650,1
MMH9,10:33:09,2611.8040,1
MMH9,10:33:09,2436.0095,2
MMH9,10:33:09,2436.0095,3
MMH9,10:33:09,2536.5140,1
MMH9,10:33:09,2637.0225,1
MMH9,10:33:09,2410.9920,4
MMH9,10:33:09,2536.5645,1
MMH9,10:33:09,2385.9250,1
MMH9,10:33:09,2461.2700,15
MMH9,10:33:09,2561.7810,1
MMH9,10:33:09,2612.0120,1
MMH9,10:33:09,2486.4345,3
MMH9,10:33:09,2536.6655,1
MMH9,10:33:09,2436.2520,1
MMH9,10:33:09,2436.3005,12
MMH9,10:33:09,2536.7665,3
MMH9,10:33:09,2511.6500,2
MMH9,10:33:09,2612.1160,3
MMH9,10:33:09,2637.3375,5
MMH9,10:33:09,2411.2800,11
MMH9,10:33:09,2536.8675,7
MMH9,10:33:09,2637.3375,7
MMH9,10:33:09,2536.8675,9
MMH9,10:33:09,2587.1025,3
MMH9,10:33:09,2511.8000,2
MMH9,10:33:11,2611.7520,1
MMH9,10:33:12,2385.5925,5
MMH9,10:33:12,2586.4330,8
MMH9,10:33:20,2636.2875,4
MMH9,10:33:21,2435.5245,1
MMH9,10:33:21,2561.1180,1
MMH9,10:33:24,2611.6480,1
MMH9,10:33:26,2510.8500,3
MMH9,10:33:26,2636.1825,1
MMH9,10:33:29,2585.9180,25
MMH9,10:33:33,2611.2840,1
MMH9,10:33:35,2435.5245,2
MMH9,10:33:38,2410.1280,2
MMH9,10:33:39,2460.6330,5
MMH9,10:33:41,2610.5040,1
MMH9,10:33:41,2409.6960,10
MMH9,10:33:41,2535.2010,1
MMH9,10:33:41,2384.5950,3
MMH9,10:33:41,2384.5950,2
MMH9,10:33:42,2509.9500,1
MMH9,10:33:46,2484.9000,8
MMH9,10:33:50,2510.2500,1
MMH9,10:33:50,2434.9425,2
MMH9,10:33:50,2384.6900,4
MMH9,10:33:50,2409.7440,6
MMH9,10:33:50,2434.9910,15
MMH9,10:33:50,2384.8325,5
MMH9,10:33:50,2535.4030,15
MMH9,10:33:51,2460.3390,5
MMH9,10:33:51,2636.1300,5
MMH9,10:34:00,2585.8150,1
MMH9,10:34:10,2460.3390,1
MMH9,10:34:22,2385.4025,1
MMH9,10:34:30,2510.9500,1
MMH9,10:34:37,2410.5600,3
MMH9,10:34:59,2535.9080,2
MMH9,10:35:28,2510.8000,1
MMH9,10:35:28,2611.4920,5
MMH9,10:35:29,2385.3550,1
MMH9,10:35:30,2511.1000,1
MMH9,10:35:30,2611.5440,1
MMH9,10:35:30,2636.3400,1
MMH9,10:35:31,2561.0160,1
MMH9,10:35:32,2485.9395,1
MMH9,10:36:00,2410.6560,1
MMH9,10:36:06,2511.6000,1
MMH9,10:36:06,2461.4170,1
MMH9,10:36:06,2411.1360,1
MMH9,10:36:06,2386.0675,1
MMH9,10:36:06,2637.2850,1
MMH9,10:36:06,2486.5335,1
MMH9,10:36:06,2536.7665,1
MMH9,10:36:08,2411.0400,1
MMH9,10:36:32,2511.1500,1
MMH9,10:36:51,2485.7415,5
MMH9,10:36:51,2510.8500,4
MMH9,10:36:51,2460.6330,1
MMH9,10:37:08,2510.6500,1
MMH9,10:37:15,2435.3305,1
MMH9,10:37:18,2585.3515,1
MMH9,10:37:25,2410.0320,1
MMH9,10:37:25,2635.9725,1
MMH9,10:37:26,2410.1280,1
MMH9,10:37:30,2434.6515,5
MMH9,10:37:37,2610.3480,1
MMH9,10:37:42,2585.5575,1
MMH9,10:37:50,2535.6050,1
MMH9,10:37:51,2635.7100,1
MMH9,10:37:52,2409.8400,4
MMH9,10:38:12,2409.9360,7
MMH9,10:38:13,2535.2515,1
MMH9,10:38:23,2384.5950,1
MMH9,10:38:24,2460.1430,1
MMH9,10:38:32,2510.1500,1
MMH9,10:38:42,2434.8455,1
MMH9,10:38:42,2560.3530,4
MMH9,10:38:48,2484.9990,1
MMH9,10:38:48,2434.6515,1
MMH9,10:38:48,2484.8505,4
MMH9,10:38:48,2484.9000,4
MMH9,10:38:48,2510.0000,1
MMH9,10:38:52,2610.4520,2
MMH9,10:38:54,2434.8940,1
MMH9,10:38:59,2409.8880,1
MMH9,10:39:02,2434.2150,1
MMH9,10:39:10,2534.9485,11
MMH9,10:39:34,2384.5475,1
MMH9,10:39:46,2485.0485,1
MMH9,10:39:46,2560.3530,4
MMH9,10:39:48,2635.7100,1
MMH9,10:39:49,2485.1970,5
MMH9,10:39:49,2610.7120,5
MMH9,10:40:20,2459.5060,8
MMH9,10:40:20,2610.0880,8
MMH9,10:40:20,2384.1675,1
MMH9,10:40:20,2409.2160,1
MMH9,10:40:20,2509.6000,1
MMH9,10:40:20,2610.0880,1
MMH9,10:40:20,2509.7000,1
MMH9,10:40:20,2584.9910,2
MMH9,10:40:20,2534.7970,7
MMH9,10:40:20,2559.8940,5
MMH9,10:40:20,2484.6525,5
MMH9,10:40:20,2434.5060,1
MMH9,10:40:20,2534.9485,14
MMH9,10:40:20,2509.6500,1
MMH9,10:40:21,2409.0720,1
MMH9,10:40:21,2434.1180,1
MMH9,10:40:21,2634.8700,1
MMH9,10:40:21,2509.4000,1
MMH9,10:40:22,2459.1630,1
MMH9,10:40:22,2409.0720,5
MMH9,10:40:22,2584.5790,1
MMH9,10:40:22,2383.8350,1
MMH9,10:40:23,2609.8280,1
MMH9,10:40:23,2384.1200,1
MMH9,10:40:39,2485.1970,15
MMH9,10:40:40,2485.1970,1
MMH9,10:40:41,2560.5570,1
MMH9,10:40:43,2636.0775,1
MMH9,10:40:43,2535.6555,1
MMH9,10:40:43,2585.8665,1
MMH9,10:40:43,2460.2900,1
MMH9,10:40:43,2435.1850,1
MMH9,10:40:44,2585.7635,1
MMH9,10:40:44,2410.2240,1
MMH9,10:40:46,2610.9200,1
MMH9,10:40:51,2410.3680,1
MMH9,10:40:51,2636.3925,1
MMH9,10:40:53,2485.8900,1
MMH9,10:40:53,2460.7800,9
MMH9,10:40:53,2435.6700,1
MMH9,10:40:53,2611.4400,2
MMH9,10:40:53,2410.4160,1
MMH9,10:40:55,2561.2200,1
MMH9,10:40:55,2561.2200,5
MMH9,10:40:55,2385.4500,3
MMH9,10:40:55,2511.0500,1
MMH9,10:40:55,2435.7185,6
MMH9,10:40:57,2561.5770,3
MMH9,10:41:11,2511.0000,25
MMH9,10:41:11,2586.2785,1
MMH9,10:41:13,2611.5960,1
MMH9,10:41:32,2436.2035,1
MMH9,10:41:32,2411.1840,10
MMH9,10:41:32,2511.7000,4
MMH9,10:41:34,2511.5500,2
MMH9,10:41:34,2612.0120,1
MMH9,10:42:03,2611.5960,1
MMH9,10:42:38,2536.5140,1
MMH9,10:42:39,2385.7825,1
MMH9,10:42:39,2461.1720,1
MMH9,10:42:39,2636.9700,1
MMH9,10:42:39,2511.4500,5
MMH9,10:42:39,2536.6150,1
MMH9,10:42:39,2561.7300,5
MMH9,10:42:39,2637.0750,10
MMH9,10:42:39,2385.7825,2
MMH9,10:42:39,2511.1000,1
MMH9,10:42:44,2561.9850,1
MMH9,10:42:46,2611.9600,1
MMH9,10:43:11,2486.2365,5
MMH9,10:43:11,2511.4000,2
MMH9,10:43:11,2636.9700,1
MMH9,10:43:28,2636.9175,5
MMH9,10:43:56,2536.3625,5
MMH9,10:43:58,2561.2710,1
MMH9,10:43:58,2485.8900,1
MMH9,10:43:58,2586.2785,5
MMH9,10:43:59,2611.5960,5
MMH9,10:44:04,2536.0090,1
MMH9,10:44:31,2410.6080,1
MMH9,10:44:31,2410.5600,1
MMH9,10:44:31,2460.7310,1
MMH9,10:44:58,2435.9610,5
MMH9,10:45:04,2410.8000,5
MMH9,10:45:08,2486.3850,1
MMH9,10:45:13,2636.9700,8
MMH9,10:45:13,2486.2860,2
MMH9,10:45:15,2561.8320,1
MMH9,10:45:22,2461.2210,1
MMH9,10:45:22,2561.6790,2
MMH9,10:45:32,2637.1275,5
MMH9,10:45:34,2511.5500,1
MMH9,10:45:34,2486.4345,1
MMH9,10:45:34,2461.3190,1
MMH9,10:45:34,2536.6655,1
MMH9,10:45:36,2586.7935,3
MMH9,10:45:36,2586.7935,2
MMH9,10:45:47,2386.2100,1
MMH9,10:47:35,2561.3730,3
MMH9,10:47:46,2511.4500,5
MMH9,10:48:33,2384.8800,2
MMH9,10:48:33,2409.9840,1
MMH9,10:48:33,2409.9840,1
MMH9,10:48:33,2384.9750,1
MMH9,10:48:33,2585.7635,1
MMH9,10:48:33,2610.9200,1
MMH9,10:48:33,2636.0775,1
MMH9,10:48:33,2585.6605,1
MMH9,10:48:33,2435.1850,1
MMH9,10:48:34,2384.6900,1
MMH9,10:48:35,2435.0395,1
MMH9,10:48:36,2460.0940,1
MMH9,10:48:38,2585.6090,1
MMH9,10:48:38,2535.4030,1
MMH9,10:48:38,2585.5575,1
MMH9,10:48:42,2585.6090,1
MMH9,10:48:52,2636.0775,4
MMH9,10:48:52,2535.6555,1
MMH9,10:49:09,2410.3200,15
MMH9,10:49:10,2485.4445,1
MMH9,10:49:17,2586.1755,1
MMH9,10:49:25,2410.7520,1
MMH9,10:49:35,2461.2700,10
MMH9,10:49:47,2586.6905,1
MMH9,10:49:47,2586.6905,1
MMH9,10:49:47,2486.2365,1
MMH9,10:49:48,2410.8960,2
MMH9,10:49:50,2561.4240,1
MMH9,10:49:50,2611.5960,1
MMH9,10:49:51,2410.9440,3
MMH9,10:49:59,2485.9890,1
MMH9,10:50:00,2486.3850,1
MMH9,10:50:13,2436.3005,1
MMH9,10:50:13,2561.9850,1
MMH9,10:50:13,2436.3975,1
MMH9,10:50:19,2411.2800,8
MMH9,10:50:21,2486.7810,1
MMH9,10:50:49,2612.4800,2
MMH9,10:50:49,2562.2400,2
MMH9,10:50:49,2486.9295,1
MMH9,10:50:49,2562.2400,1
MMH9,10:50:49,2511.8500,1
MMH9,10:50:49,2386.2575,5
MMH9,10:50:49,2536.9685,1
MMH9,10:50:49,2511.9500,3
MMH9,10:50:49,2411.4720,7
MMH9,10:50:49,2411.4240,1
MMH9,10:50:49,2511.8500,8
MMH9,10:50:49,2587.2055,2
MMH9,10:50:49,2486.7315,1
MMH9,10:50:49,2637.5475,4
MMH9,10:50:54,2512.2500,1
MMH9,10:50:55,2638.1250,1
MMH9,10:50:56,2587.8750,1
MMH9,10:50:57,2462.3970,2
MMH9,10:50:58,2563.0560,1
MMH9,10:50:58,2638.4925,1
MMH9,10:50:58,2638.4925,5
MMH9,10:50:58,2563.2090,5
MMH9,10:50:58,2613.5200,2
MMH9,10:50:58,2538.1805,25
MMH9,10:50:58,2513.0500,5
MMH9,10:50:58,2588.4415,21
MMH9,10:50:58,2387.2550,1
MMH9,10:50:58,2613.4160,1
MMH9,10:50:58,2613.0520,3
MMH9,10:50:58,2512.5500,2
MMH9,10:50:58,2537.6250,1
MMH9,10:50:58,2638.0725,2
MMH9,10:50:58,2587.8235,3
MMH9,10:50:58,2612.8960,2
MMH9,10:50:58,2512.4500,2
MMH9,10:50:58,2462.2010,1
MMH9,10:50:58,2537.5745,1
MMH9,10:50:58,2537.5745,1
MMH9,10:50:58,2537.5745,5
MMH9,10:50:58,2587.7720,11
MMH9,10:50:59,2588.0295,1
MMH9,10:50:59,2512.7000,1
MMH9,10:51:02,2638.4400,1
MMH9,10:51:02,2588.1840,3
MMH9,10:51:02,2613.3120,1
MMH9,10:51:02,2437.4160,4
MMH9,10:51:03,2437.4160,1
MMH9,10:51:03,2412.2880,1
MMH9,10:51:05,2638.4400,10
MMH9,10:51:05,2563.0050,1
MMH9,10:51:06,2386.8275,1
MMH9,10:51:07,2436.9310,3
MMH9,10:51:10,2487.3255,5
MMH9,10:51:45,2512.5500,11
MMH9,10:51:56,2436.8825,1
MMH9,10:51:59,2411.6640,5
MMH9,10:52:05,2487.1770,1
MMH9,10:52:11,2562.8520,1
MMH9,10:52:11,2562.9030,1
MMH9,10:53:17,2638.2825,1
MMH9,10:53:19,2613.1560,2
MMH9,10:53:35,2537.9280,1
MMH9,10:53:36,2537.7765,1
MMH9,10:53:47,2513.0000,1
MMH9,10:53:47,2437.6100,1
MMH9,10:53:47,2638.7025,1
MMH9,10:53:47,2487.9195,1
MMH9,10:53:47,2638.5975,1
MMH9,10:53:58,2412.4320,5
MMH9,10:53:58,2588.4415,1
MMH9,10:54:13,2462.3970,1
MMH9,10:54:41,2588.4415,1
MMH9,10:54:41,2588.4415,1
MMH9,10:54:48,2613.6240,1
MMH9,10:55:08,2588.6990,1
MMH9,10:55:08,2412.8160,1
MMH9,10:55:31,2387.7775,5
MMH9,10:55:46,2613.8320,5
MMH9,10:55:46,2638.9125,10
MMH9,10:55:47,2412.9600,1
MMH9,10:55:47,2488.0680,1
MMH9,10:55:47,2387.3975,1
MMH9,10:55:47,2462.7400,1
MMH9,10:55:47,2638.5975,1
MMH9,10:55:47,2487.8205,5
MMH9,10:55:47,2437.5130,1
MMH9,10:55:48,2488.1175,3
MMH9,10:55:48,2488.1175,7
MMH9,10:55:48,2488.1175,2
MMH9,10:55:48,2387.5875,1
MMH9,10:55:48,2538.3825,5
MMH9,10:55:53,2488.3155,10
MMH9,10:55:55,2614.2480,1
MMH9,10:56:03,2488.6620,10
MMH9,10:56:05,2438.5800,2
MMH9,10:56:07,2513.9000,2
MMH9,10:56:08,2513.9000,1
MMH9,10:56:08,2614.4560,28
MMH9,10:56:08,2614.4560,8
MMH9,10:56:08,2388.2050,1
MMH9,10:56:08,2463.6220,8
MMH9,10:56:08,2614.4560,4
MMH9,10:56:09,2639.5950,2
MMH9,10:56:11,2589.3170,2
MMH9,10:56:11,2488.7610,13
MMH9,10:56:25,2488.6125,1
MMH9,10:56:44,2413.0080,1
MMH9,10:56:46,2513.5500,5
MMH9,10:56:46,2563.8720,1
MMH9,10:56:47,2438.3860,1
MMH9,10:56:47,2614.2480,1
MMH9,10:56:47,2639.3850,1
MMH9,10:56:48,2463.2790,1
MMH9,10:56:59,2438.4830,1
MMH9,10:56:59,2614.4560,2
MMH9,10:57:17,2563.6680,1
MMH9,10:57:27,2462.8870,1
MMH9,10:57:32,2563.5150,2
MMH9,10:57:39,2538.1805,4
MMH9,10:57:52,2638.2825,2
MMH9,10:57:52,2462.3970,10
MMH9,10:57:53,2537.8270,1
MMH9,10:57:53,2412.0960,1
MMH9,10:57:53,2587.9265,1
MMH9,10:58:12,2512.9000,3
MMH9,10:58:12,2613.4160,1
MMH9,10:58:12,2512.9000,2
MMH9,10:58:18,2613.5720,5
MMH9,10:58:40,2488.5630,1
MMH9,10:58:47,2614.3000,1
MMH9,10:58:54,2563.6170,1
MMH9,10:59:03,2412.4320,2
MMH9,10:59:03,2412.4320,3
MMH9,10:59:30,2563.5150,1
MMH9,10:59:38,2638.8600,1
MMH9,10:59:51,2488.2165,1
MMH9,10:59:51,2488.2165,1
MMH9,10:59:51,2613.8840,1
MMH9,10:59:51,2613.8840,5
MMH9,10:59:51,2588.7505,4
MMH9,10:59:51,2387.6825,3
MMH9,10:59:58,2638.9125,10
MMH9,10:59:58,2387.4925,1
MMH9,10:59:58,2638.8075,3
MMH9,10:59:58,2412.6240,11
MMH9,11:00:00,2487.7710,1
MMH9,11:00:00,2387.0175,1
MMH9,11:00:03,2386.6850,1
MMH9,11:00:12,2512.4500,1
MMH9,11:00:22,2538.0795,2
MMH9,11:00:22,2512.9500,13
MMH9,11:00:22,2387.3975,1
MMH9,11:00:23,2437.7070,1
MMH9,11:00:23,2563.3620,1
MMH9,11:00:24,2412.4800,1
MMH9,11:00:24,2513.0500,5
MMH9,11:00:24,2412.4800,15
MMH9,11:00:24,2387.3500,1
MMH9,11:00:24,2487.7710,1
MMH9,11:00:24,2537.9785,1
MMH9,11:00:24,2437.4160,1
MMH9,11:00:24,2387.2550,1
MMH9,11:00:30,2437.0280,1
MMH9,11:00:51,2537.9785,1
MMH9,11:00:54,2588.8020,1
MMH9,11:00:55,2463.2790,3
MMH9,11:00:56,2413.1520,10
MMH9,11:00:57,2438.3860,10
MMH9,11:00:58,2589.2140,1
MMH9,11:00:58,2589.3170,1
MMH9,11:00:58,2388.1575,1
MMH9,11:00:58,2639.7000,1
MMH9,11:00:58,2589.4715,1
MMH9,11:01:06,2539.0895,5
MMH9,11:01:06,2513.9500,2
MMH9,11:01:06,2564.1270,1
MMH9,11:01:06,2388.2525,5
MMH9,11:01:07,2639.8050,1
MMH9,11:01:07,2539.3420,1
MMH9,11:01:07,2413.6320,1
MMH9,11:01:07,2639.9100,8
MMH9,11:01:07,2489.0580,6
MMH9,11:01:07,2640.0675,1
MMH9,11:01:07,2413.7760,1
MMH9,11:01:08,2614.9760,5
MMH9,11:01:08,2388.8225,2
MMH9,11:01:08,2489.1570,1
MMH9,11:01:08,2413.6800,1
MMH9,11:01:08,2639.9625,1
MMH9,11:01:08,2514.2000,1
MMH9,11:01:08,2539.3420,1
MMH9,11:01:08,2388.4425,1
MMH9,11:01:08,2614.6640,1
MMH9,11:01:08,2539.1905,1
MMH9,11:01:08,2615.0800,1
MMH9,11:01:08,2514.5000,1
MMH9,11:01:08,2539.6955,1
MMH9,11:01:08,2589.9865,1
MMH9,11:01:08,2388.8225,1
MMH9,11:01:08,2615.1840,1
MMH9,11:01:09,2539.6955,1
MMH9,11:01:09,2615.1320,1
MMH9,11:01:09,2614.9240,1
MMH9,11:01:09,2614.8720,3
MMH9,11:01:09,2589.7290,1
MMH9,11:01:09,2438.8710,4
MMH9,11:01:10,2514.5000,1
MMH9,11:01:10,2514.5500,2
MMH9,11:01:10,2539.4935,1
MMH9,11:01:10,2514.5000,1
MMH9,11:01:10,2489.4045,1
MMH9,11:01:10,2464.2590,1
MMH9,11:01:10,2388.8700,1
MMH9,11:01:10,2615.1840,1
MMH9,11:01:10,2514.5500,1
MMH9,11:01:10,2539.6955,2
MMH9,11:01:10,2615.1320,2
MMH9,11:01:10,2539.6955,1
MMH9,11:01:10,2564.8920,1
MMH9,11:01:11,2564.8920,2
MMH9,11:01:11,2590.0380,2
MMH9,11:01:11,2564.6880,1
MMH9,11:01:11,2464.2590,1
MMH9,11:01:11,2413.9680,1
MMH9,11:01:11,2539.6955,1
MMH9,11:01:11,2514.5500,3
MMH9,11:01:11,2640.3300,6
MMH9,11:01:11,2464.1120,1
MMH9,11:01:11,2564.8410,1
MMH9,11:01:11,2464.3080,1
MMH9,11:01:11,2489.4540,1
MMH9,11:01:11,2539.7460,1
MMH9,11:01:11,2615.1320,1
MMH9,11:01:11,2388.8225,1
MMH9,11:01:11,2464.1120,1
MMH9,11:01:15,2388.7750,1
MMH9,11:01:15,2464.1610,1
MMH9,11:01:15,2564.7390,1
MMH9,11:01:15,2564.7390,3
MMH9,11:01:15,2615.0280,4
MMH9,11:01:20,2413.8720,5
MMH9,11:01:23,2539.3925,4
MMH9,11:01:23,2413.6800,4
MMH9,11:02:19,2413.1520,1
MMH9,11:02:19,2463.3770,2
MMH9,11:02:19,2589.1110,1
MMH9,11:02:25,2488.4640,5
MMH9,11:02:26,2463.1320,10
MMH9,11:02:36,2387.8250,2
MMH9,11:02:36,2463.2300,8
MMH9,11:02:36,2563.7700,1
MMH9,11:02:36,2463.2300,9
MMH9,11:02:36,2513.4500,1
MMH9,11:02:36,2513.4500,1
MMH9,11:02:42,2639.2275,5
MMH9,11:02:42,2614.0400,1
MMH9,11:02:43,2412.9600,7
MMH9,11:02:43,2438.0950,1
MMH9,11:02:43,2563.7700,2
MMH9,11:02:43,2563.7700,10
MMH9,11:02:44,2589.1625,1
MMH9,11:02:44,2513.7500,4
MMH9,11:02:48,2538.7360,2
MMH9,11:02:51,2588.9050,3
MMH9,11:02:53,2538.5845,5
MMH9,11:02:53,2513.3500,5
MMH9,11:02:53,2437.9010,15
MMH9,11:02:54,2538.4330,1
MMH9,11:02:54,2387.6350,3
MMH9,11:03:01,2387.5875,5
MMH9,11:03:21,2588.1840,1
MMH9,11:03:21,2512.6500,5
MMH9,11:03:21,2412.1440,5
MMH9,11:03:21,2587.9265,8
MMH9,11:03:21,2562.8010,7
MMH9,11:03:21,2462.2990,1
MMH9,11:03:23,2588.0810,1
MMH9,11:03:23,2462.4950,1
MMH9,11:03:29,2411.5680,1
MMH9,11:03:29,2411.5680,1
MMH9,11:03:30,2637.5475,1
MMH9,11:03:31,2486.8305,1
MMH9,11:03:34,2587.4115,5
MMH9,11:03:34,2512.0500,1
MMH9,11:03:34,2537.1705,24
MMH9,11:03:36,2486.9295,5
MMH9,11:03:40,2487.0285,5
MMH9,11:03:50,2537.4735,5
MMH9,11:03:50,2411.9520,2
MMH9,11:03:50,2587.8750,2
MMH9,11:03:51,2562.6480,1
MMH9,11:03:59,2587.1540,1
MMH9,11:04:05,2562.2910,1
MMH9,11:04:05,2612.5320,2
MMH9,11:04:05,2537.2210,1
MMH9,11:04:05,2612.5840,1
MMH9,11:04:10,2411.5680,1
MMH9,11:04:15,2562.6990,5
MMH9,11:04:15,2638.0200,1
MMH9,11:04:23,2638.1775,1
MMH9,11:04:23,2562.8010,1
MMH9,11:04:24,2587.7720,1
MMH9,11:04:48,2562.4950,1
MMH9,11:04:48,2487.0780,1
MMH9,11:04:48,2537.3725,1
MMH9,11:04:48,2562.2400,1
MMH9,11:04:59,2462.1520,1
MMH9,11:05:00,2562.8520,1
MMH9,11:05:00,2587.9780,1
MMH9,11:05:00,2487.5235,1
MMH9,11:05:00,2437.2705,1
MMH9,11:05:00,2387.0650,1
MMH9,11:05:00,2512.7500,1
MMH9,11:05:00,2412.1920,1
MMH9,11:05:00,2487.6225,1
MMH9,11:05:00,2462.4460,1
MMH9,11:05:09,2562.3420,1
MMH9,11:05:09,2612.6360,1
MMH9,11:05:18,2511.9000,1
MMH9,11:05:18,2637.4950,5
MMH9,11:05:26,2561.7810,43
MMH9,11:06:03,2536.8675,1
MMH9,11:06:27,2487.1770,1
MMH9,11:06:27,2462.1030,5
MMH9,11:06:45,2587.5660,1
MMH9,11:06:57,2612.6880,1
MMH9,11:06:57,2587.5145,1
MMH9,11:07:06,2387.0175,1
MMH9,11:07:23,2537.8270,1
MMH9,11:07:23,2613.0520,1
MMH9,11:07:23,2537.6755,1
MMH9,11:07:54,2386.0200,1
MMH9,11:08:00,2486.5335,10
MMH9,11:08:02,2486.1870,1
MMH9,11:08:08,2410.9920,2
MMH9,11:08:16,2460.8290,2
MMH9,11:08:16,2511.0500,1
MMH9,11:08:16,2536.1605,17
MMH9,11:08:17,2485.7910,1
MMH9,11:08:30,2485.8405,1
MMH9,11:08:34,2410.9920,1
MMH9,11:08:42,2435.8640,1
MMH9,11:08:50,2410.9920,5
MMH9,11:08:50,2461.2700,1
MMH9,11:08:55,2461.3680,1
MMH9,11:09:07,2561.3220,1
MMH9,11:09:07,2536.1605,1
MMH9,11:09:28,2435.7670,1
MMH9,11:09:58,2385.7350,1
MMH9,11:09:58,2436.0580,1
MMH9,11:10:15,2536.2110,1
MMH9,11:10:17,2636.8650,1
MMH9,11:10:17,2536.4130,1
MMH9,11:10:17,2461.0740,4
MMH9,11:10:18,2561.5770,1
MMH9,11:10:24,2385.7825,1
MMH9,11:10:24,2586.6390,1
MMH9,11:10:37,2537.0695,1
MMH9,11:10:37,2511.9500,20
MMH9,11:10:37,2386.3525,1
MMH9,11:10:37,2486.8305,20
MMH9,11:10:37,2486.8305,1
MMH9,11:10:37,2486.8305,20
MMH9,11:10:37,2511.9500,1
MMH9,11:10:37,2537.1200,4
MMH9,11:10:37,2411.5200,1
MMH9,11:10:37,2486.8800,1
MMH9,11:10:37,2461.7600,3
MMH9,11:10:37,2612.4800,1
MMH9,11:10:37,2461.7600,1
MMH9,11:10:37,2512.0000,1
MMH9,11:10:37,2512.0000,2
MMH9,11:10:42,2612.4280,14
MMH9,11:10:42,2461.7110,21
MMH9,11:10:51,2436.8825,5
MMH9,11:10:58,2587.6690,1
MMH9,11:11:01,2562.4950,10
MMH9,11:11:01,2537.2715,2
MMH9,11:11:25,2412.1440,1
MMH9,11:11:33,2462.2500,1
MMH9,11:11:35,2638.3350,1
MMH9,11:11:36,2437.7555,10
MMH9,11:11:38,2387.6350,1
MMH9,11:11:42,2437.9980,1
MMH9,11:11:42,2613.9880,1
MMH9,11:11:42,2563.7190,1
MMH9,11:11:42,2387.7775,2
MMH9,11:11:42,2488.3155,2
MMH9,11:11:42,2588.8535,1
MMH9,11:11:42,2639.1225,2
MMH9,11:11:42,2639.1225,1
MMH9,11:11:42,2588.9050,1
MMH9,11:11:42,2438.1435,1
MMH9,11:11:42,2463.2790,1
MMH9,11:11:42,2513.5500,1
MMH9,11:11:42,2538.5845,1
MMH9,11:11:42,2538.5845,1
MMH9,11:11:42,2412.9120,1
MMH9,11:11:42,2613.9880,9
MMH9,11:11:42,2463.2790,1
MMH9,11:11:42,2387.8725,1
MMH9,11:11:43,2412.7680,1
MMH9,11:11:43,2613.8320,7
MMH9,11:11:43,2638.9650,2
MMH9,11:11:49,2639.0175,1
MMH9,11:11:50,2412.7680,2
MMH9,11:11:50,2437.9010,2
MMH9,11:11:50,2639.0175,1
MMH9,11:11:50,2387.6825,1
MMH9,11:11:50,2613.8840,1
MMH9,11:11:50,2513.3500,1
MMH9,11:11:50,2438.0465,1
MMH9,11:11:50,2488.3155,2
MMH9,11:11:50,2563.7190,1
MMH9,11:11:50,2538.5845,1
MMH9,11:11:50,2538.5845,1
MMH9,11:11:50,2513.4500,1
MMH9,11:11:50,2538.5845,1
MMH9,11:11:50,2613.9880,1
MMH9,11:11:50,2639.1225,2
MMH9,11:11:50,2563.7190,2
MMH9,11:11:50,2463.1810,1
MMH9,11:11:50,2538.5845,1
MMH9,11:11:51,2538.5845,1
MMH9,11:11:51,2588.8535,1
MMH9,11:11:51,2412.4320,1
MMH9,11:11:51,2613.6760,2
MMH9,11:11:51,2488.0185,1
MMH9,11:11:51,2563.4130,1
MMH9,11:11:51,2588.5445,1
MMH9,11:11:51,2387.5875,1
MMH9,11:11:51,2538.3825,1
MMH9,11:12:17,2487.8700,1
MMH9,11:12:17,2437.6585,5
MMH9,11:12:17,2487.9195,4
MMH9,11:12:22,2387.3500,1
MMH9,11:12:22,2638.7025,5
MMH9,11:12:22,2462.7890,4
MMH9,11:12:24,2638.3350,10
MMH9,11:12:24,2462.3970,3
MMH9,11:12:24,2387.0175,7
MMH9,11:12:26,2437.0280,1
MMH9,11:13:00,2638.6500,1
MMH9,11:13:02,2588.7505,13
MMH9,11:13:03,2437.9010,1
MMH9,11:13:31,2638.6500,8
MMH9,11:13:31,2462.7400,7
MMH9,11:13:32,2512.8000,1
MMH9,11:13:35,2462.6420,25
MMH9,11:13:35,2588.3385,1
MMH9,11:13:38,2412.7680,15
MMH9,11:13:55,2488.4145,1
MMH9,11:14:03,2513.2000,1
MMH9,11:14:14,2589.4715,6
MMH9,11:14:14,2488.9095,5
MMH9,11:14:14,2463.9650,5
MMH9,11:14:14,2614.9240,6
MMH9,11:14:14,2413.7760,2
MMH9,11:14:14,2388.6325,5
MMH9,11:14:14,2564.6370,1
MMH9,11:14:14,2464.1120,1
MMH9,11:14:22,2564.1270,1
MMH9,11:14:24,2388.4425,1
MMH9,11:14:37,2413.2960,3
MMH9,11:14:37,2538.9885,2
MMH9,11:14:42,2538.8875,1
MMH9,11:14:52,2589.7290,1
MMH9,11:14:52,2640.0150,1
MMH9,11:14:52,2464.0630,1
MMH9,11:14:52,2514.4500,1
MMH9,11:14:52,2438.9195,1
MMH9,11:14:52,2464.1120,1
MMH9,11:14:52,2640.1200,1
MMH9,11:14:52,2564.6880,1
MMH9,11:14:52,2564.6880,1
MMH9,11:14:52,2539.5440,1
MMH9,11:14:52,2640.1200,2
MMH9,11:14:52,2640.1200,1
MMH9,11:14:52,2589.8320,1
MMH9,11:14:52,2438.9680,1
MMH9,11:14:52,2438.9680,1
MMH9,11:14:52,2564.6370,1
MMH9,11:14:52,2388.6325,2
MMH9,11:14:52,2388.6800,1
MMH9,11:14:52,2413.8240,1
MMH9,11:14:52,2640.1725,1
MMH9,11:14:52,2564.6880,1
MMH9,11:14:52,2464.1610,1
MMH9,11:14:52,2439.0165,1
MMH9,11:14:52,2413.9200,1
MMH9,11:14:52,2388.7750,1
MMH9,11:14:52,2514.5000,1
MMH9,11:14:52,2514.5500,1
MMH9,11:14:53,2413.8240,1
MMH9,11:14:54,2489.2560,1
MMH9,11:14:58,2639.4375,10
MMH9,11:15:00,2413.3920,1
MMH9,11:15:01,2589.3170,1
MMH9,11:15:06,2413.3920,1
MMH9,11:15:07,2539.0390,10
MMH9,11:15:10,2589.1625,1
MMH9,11:15:10,2639.4375,1
MMH9,11:15:10,2639.4375,1
MMH9,11:15:10,2488.8105,5
MMH9,11:15:10,2589.3685,5
MMH9,11:15:10,2463.7200,1
MMH9,11:15:10,2639.7525,5
MMH9,11:15:10,2564.3310,5
MMH9,11:15:10,2614.5080,10
MMH9,11:15:10,2539.1905,2
MMH9,11:15:10,2639.7525,19
MMH9,11:15:10,2388.3475,2
MMH9,11:15:10,2463.7690,2
MMH9,11:15:10,2564.4330,5
MMH9,11:15:10,2639.9100,1
MMH9,11:15:10,2564.3310,9
MMH9,11:15:10,2614.6120,15
MMH9,11:15:10,2564.3310,3
MMH9,11:15:10,2564.3310,5
MMH9,11:15:10,2614.6120,2
MMH9,11:15:10,2463.7690,7
MMH9,11:15:10,2514.0500,2
MMH9,11:15:13,2463.8670,4
MMH9,11:15:13,2413.5840,2
MMH9,11:15:20,2564.6880,2
MMH9,11:15:22,2589.9865,2
MMH9,11:15:22,2514.5500,1
MMH9,11:15:24,2615.3920,1
MMH9,11:15:25,2514.8000,2
MMH9,11:15:25,2389.1550,1
MMH9,11:15:25,2514.9500,1
MMH9,11:15:25,2565.3000,1
MMH9,11:15:25,2640.7500,1
MMH9,11:15:25,2565.3000,1
MMH9,11:15:25,2565.6060,1
MMH9,11:15:25,2389.2025,2
MMH9,11:15:27,2514.9000,1
MMH9,11:15:30,2615.4960,1
MMH9,11:15:34,2439.6955,1
MMH9,11:15:34,2640.9075,1
MMH9,11:15:36,2439.3560,1
MMH9,11:15:36,2565.3000,1
MMH9,11:15:36,2565.3000,1
MMH9,11:15:36,2464.7000,1
MMH9,11:15:37,2439.3075,1
MMH9,11:15:38,2540.0490,1
MMH9,11:15:47,2414.0640,1
MMH9,11:15:47,2388.9175,1
MMH9,11:15:50,2539.4935,13
MMH9,11:15:50,2464.0630,2
MMH9,11:15:50,2463.9650,1
MMH9,11:15:50,2564.5350,1
MMH9,11:15:50,2564.6370,15
MMH9,11:15:50,2464.0630,6
MMH9,11:15:50,2464.0630,1
MMH9,11:15:51,2388.6800,1
MMH9,11:15:51,2464.0630,20
MMH9,11:15:51,2388.6325,10
MMH9,11:15:52,2388.6325,1
MMH9,11:15:52,2489.2065,8
MMH9,11:15:52,2413.7760,2
MMH9,11:15:52,2564.6370,6
MMH9,11:15:53,2564.6880,2
MMH9,11:15:58,2514.3500,2
MMH9,11:16:00,2464.1120,1
MMH9,11:16:01,2614.9240,1
MMH9,11:16:01,2539.4935,2
MMH9,11:16:01,2640.0675,1
MMH9,11:16:01,2413.7760,4
MMH9,11:16:01,2514.3500,4
MMH9,11:16:01,2539.4935,1
MMH9,11:16:01,2614.7680,1
MMH9,11:16:08,2489.1075,1
MMH9,11:16:10,2614.9760,2
MMH9,11:16:10,2564.7900,1
MMH9,11:16:13,2514.5000,3
MMH9,11:16:22,2489.8500,5
MMH9,11:16:23,2565.1470,3
MMH9,11:16:25,2464.5530,2
MMH9,11:16:27,2439.6955,2
MMH9,11:16:27,2515.2000,1
MMH9,11:16:27,2590.6560,1
MMH9,11:16:27,2389.2975,1
MMH9,11:16:27,2389.2500,1
MMH9,11:16:46,2389.0125,2
MMH9,11:16:47,2590.1925,1
MMH9,11:16:47,2439.2590,1
MMH9,11:16:54,2389.2500,11
MMH9,11:16:54,2515.0500,1
MMH9,11:16:55,2565.2490,1
MMH9,11:16:55,2414.3520,4
MMH9,11:16:57,2464.7490,1
MMH9,11:17:21,2565.0450,1
MMH9,11:17:21,2414.0640,1
MMH9,11:17:36,2489.7510,1
MMH9,11:17:36,2389.2500,2
MMH9,11:17:36,2565.3000,1
MMH9,11:17:39,2389.1550,1
MMH9,11:17:45,2414.1120,1
MMH9,11:17:57,2463.9650,1
MMH9,11:18:19,2463.6710,1
MMH9,11:18:39,2538.7865,1
MMH9,11:18:40,2463.3280,1
MMH9,11:18:40,2438.1435,5
MMH9,11:18:43,2488.5135,2
MMH9,11:19:02,2614.3000,1
MMH9,11:19:03,2539.1400,3
MMH9,11:19:03,2514.0000,12
MMH9,11:19:11,2463.6710,1
MMH9,11:19:11,2589.3685,1
MMH9,11:19:11,2413.2480,1
MMH9,11:19:12,2488.6620,1
MMH9,11:19:12,2413.2000,1
MMH9,11:19:12,2413.2000,5
MMH9,11:19:12,2463.4750,13
MMH9,11:19:20,2387.8250,1
MMH9,11:19:20,2538.6350,19
MMH9,11:19:32,2413.3440,1
MMH9,11:19:41,2564.2800,1
MMH9,11:19:42,2488.7610,1
MMH9,11:19:42,2463.5730,1
MMH9,11:19:42,2438.4345,1
MMH9,11:19:42,2513.8500,3
MMH9,11:19:42,2614.3520,1
MMH9,11:19:42,2513.7500,4
MMH9,11:19:42,2463.4750,1
MMH9,11:19:42,2463.4750,1
MMH9,11:19:42,2538.8875,3
MMH9,11:20:33,2438.9680,1
MMH9,11:20:35,2489.5530,1
MMH9,11:20:43,2489.5530,1
MMH9,11:21:08,2414.4960,1
MMH9,11:21:09,2414.6880,1
MMH9,11:21:09,2515.3500,5
MMH9,11:21:09,2515.4000,2
MMH9,11:21:09,2641.2225,2
MMH9,11:21:09,2641.1700,1
MMH9,11:21:09,2490.2955,3
MMH9,11:21:09,2490.3450,2
MMH9,11:21:09,2465.1900,1
MMH9,11:21:09,2540.6550,3
MMH9,11:21:09,2540.6045,1
MMH9,11:21:09,2389.6300,1
MMH9,11:21:24,2414.6880,1
MMH9,11:21:36,2439.5500,1
MMH9,11:22:03,2564.4840,1
MMH9,11:22:15,2388.6800,1
MMH9,11:24:12,2464.7000,1
MMH9,11:24:12,2615.5480,3
MMH9,11:24:17,2615.6000,1
MMH9,11:24:34,2440.0350,1
MMH9,11:24:34,2490.3450,1
MMH9,11:24:34,2540.6550,1
MMH9,11:24:35,2465.2390,1
MMH9,11:24:43,2615.9120,1
MMH9,11:25:00,2490.3450,1
MMH9,11:25:00,2540.6550,1
MMH9,11:25:00,2540.6550,4
MMH9,11:25:03,2539.9480,1
MMH9,11:26:10,2413.7760,1
MMH9,11:26:59,2589.8320,1
MMH9,11:26:59,2413.8720,1
MMH9,11:27:08,2590.2440,1
MMH9,11:27:09,2640.5400,1
MMH9,11:27:09,2565.0450,5
MMH9,11:27:09,2439.2590,1
MMH9,11:27:09,2514.6500,1
MMH9,11:27:09,2514.6500,2
MMH9,11:27:53,2514.1500,1
MMH9,11:28:01,2388.5850,1
MMH9,11:28:49,2464.6510,1
MMH9,11:29:05,2565.3000,5
MMH9,11:29:05,2439.5500,1
MMH9,11:29:06,2389.2975,6
MMH9,11:29:06,2640.8025,2
MMH9,11:29:06,2464.7490,2
MMH9,11:29:17,2515.1000,1
MMH9,11:29:17,2540.3015,1
MMH9,11:29:22,2464.9450,1
MMH9,11:29:23,2414.6880,1
MMH9,11:29:23,2540.5540,2
MMH9,11:29:23,2565.7080,1
MMH9,11:29:23,2641.2225,1
MMH9,11:29:34,2616.1720,2
MMH9,11:29:34,2389.7725,8
MMH9,11:29:37,2465.2390,5
MMH9,11:29:37,2616.1720,1
MMH9,11:29:38,2490.4935,1
MMH9,11:29:38,2566.2180,1
MMH9,11:29:38,2389.9625,1
MMH9,11:29:39,2641.8000,1
MMH9,11:29:39,2465.6800,1
MMH9,11:29:39,2415.3600,1
MMH9,11:29:39,2566.3200,1
MMH9,11:29:39,2566.3200,1
MMH9,11:29:39,2390.2000,1
MMH9,11:29:39,2390.2000,1
MMH9,11:29:39,2641.8525,1
MMH9,11:29:39,2415.4080,2
MMH9,11:29:39,2566.4220,1
MMH9,11:29:39,2415.5040,1
MMH9,11:29:39,2390.3425,1
MMH9,11:29:39,2516.1500,1
MMH9,11:29:39,2440.6655,1
MMH9,11:29:39,2641.9575,1
MMH9,11:29:39,2641.9575,1
MMH9,11:29:39,2616.7960,1
MMH9,11:29:39,2490.9885,1
MMH9,11:29:39,2440.6655,1
MMH9,11:29:39,2616.7960,2
MMH9,11:29:39,2490.9885,1
MMH9,11:29:39,2566.4730,1
MMH9,11:29:39,2591.6345,1
MMH9,11:29:39,2591.6345,2
MMH9,11:29:39,2415.5040,4
MMH9,11:29:39,2390.3425,5
MMH9,11:29:39,2440.7625,1
MMH9,11:29:39,2641.9575,1
MMH9,11:29:39,2591.6345,1
MMH9,11:29:40,2440.5200,1
MMH9,11:29:40,2516.1000,1
MMH9,11:29:40,2440.6170,1
MMH9,11:29:40,2541.2610,1
MMH9,11:29:40,2641.9050,1
MMH9,11:29:40,2641.9050,1
MMH9,11:29:40,2616.7960,1
MMH9,11:29:40,2415.5040,1
MMH9,11:29:40,2516.1500,1
MMH9,11:29:40,2490.9885,2
MMH9,11:29:40,2390.3425,2
MMH9,11:29:41,2541.3115,2
MMH9,11:29:42,2591.6345,1
MMH9,11:29:42,2440.4230,1
MMH9,11:29:42,2591.3255,1
MMH9,11:29:42,2641.6950,1
MMH9,11:29:42,2541.1095,1
MMH9,11:29:42,2591.4285,5
MMH9,11:29:42,2390.2000,1
MMH9,11:29:42,2390.2000,1
MMH9,11:29:42,2541.1095,1
MMH9,11:29:42,2516.0000,1
MMH9,11:29:43,2541.2610,1
MMH9,11:29:43,2641.9050,1
MMH9,11:29:43,2616.7960,1
MMH9,11:29:44,2566.4220,1
MMH9,11:29:46,2465.7780,1
MMH9,11:29:50,2616.6400,1
MMH9,11:29:53,2415.2640,10
MMH9,11:30:00,2641.7475,1
MMH9,11:30:00,2440.6655,1
MMH9,11:30:21,2389.9625,1
MMH9,11:30:21,2540.9075,1
MMH9,11:30:22,2415.1200,1
MMH9,11:30:29,2390.0100,1
MMH9,11:30:37,2440.8110,1
MMH9,11:30:37,2415.6480,1
MMH9,11:30:37,2440.8595,1
MMH9,11:30:37,2642.1675,1
MMH9,11:30:37,2566.7790,1
MMH9,11:30:37,2491.3350,1
MMH9,11:30:37,2566.8300,1
MMH9,11:30:37,2466.1700,1
MMH9,11:30:37,2617.2640,1
MMH9,11:30:53,2415.1680,1
MMH9,11:31:05,2440.0835,1
MMH9,11:31:05,2515.5000,1
MMH9,11:31:05,2389.5825,1
MMH9,11:31:28,2389.9150,1
MMH9,11:31:37,2616.5360,1
MMH9,11:31:37,2566.1670,1
MMH9,11:31:38,2642.0100,1
MMH9,11:31:44,2642.3250,2
MMH9,11:32:15,2591.6860,1
MMH9,11:32:55,2541.3115,1
MMH9,11:33:00,2415.2640,1
MMH9,11:34:02,2565.3510,1
MMH9,11:34:13,2439.6955,1
MMH9,11:34:14,2565.3000,1
MMH9,11:34:19,2414.4960,1
MMH9,11:34:37,2615.1840,1
MMH9,11:34:37,2489.4045,1
MMH9,11:34:38,2413.9680,10
MMH9,11:34:39,2590.0895,2
MMH9,11:34:57,2388.9650,1
MMH9,11:35:03,2438.9680,1
MMH9,11:35:06,2388.6325,1
MMH9,11:35:06,2514.1000,1
MMH9,11:35:06,2564.3820,1
MMH9,11:35:06,2639.7525,4
MMH9,11:35:09,2539.2410,1
MMH9,11:35:13,2615.0280,1
MMH9,11:35:14,2615.1840,1
MMH9,11:35:14,2439.2590,1
MMH9,11:35:40,2413.2000,1
MMH9,11:35:40,2564.0250,1
MMH9,11:35:42,2614.2480,1
MMH9,11:36:09,2463.3770,10
MMH9,11:36:32,2513.8000,1
MMH9,11:36:33,2488.7610,1
MMH9,11:36:36,2388.6800,1
MMH9,11:36:37,2439.3075,1
MMH9,11:37:09,2639.8050,1
MMH9,11:37:13,2539.4430,1
MMH9,11:37:13,2388.5375,1
MMH9,11:37:20,2388.8700,1
MMH9,11:37:24,2615.4960,10
MMH9,11:37:27,2414.0640,2
MMH9,11:37:27,2388.9175,3
MMH9,11:37:58,2615.6000,1
MMH9,11:38:07,2564.8920,1
MMH9,11:38:14,2564.6880,10
MMH9,11:38:16,2438.9195,1
MMH9,11:39:03,2615.2360,2
MMH9,11:39:22,2514.2500,1
MMH9,11:39:28,2514.0500,1
MMH9,11:39:33,2589.3685,2
MMH9,11:39:33,2413.3920,4
MMH9,11:39:36,2463.6710,2
MMH9,11:40:00,2564.6370,1
MMH9,11:40:00,2413.7760,1
MMH9,11:40:00,2464.1120,1
MMH9,11:40:00,2614.9760,1
MMH9,11:41:37,2388.4425,5
MMH9,11:42:16,2589.7290,1
MMH9,11:42:37,2463.7200,1
MMH9,11:42:37,2438.5800,1
MMH9,11:42:39,2413.3440,4
MMH9,11:42:58,2388.2525,1
MMH9,11:42:58,2614.1960,1
MMH9,11:42:58,2438.1920,1
MMH9,11:42:58,2413.0080,2
MMH9,11:43:20,2387.7775,1
MMH9,11:43:48,2463.5240,1
MMH9,11:43:48,2539.1905,1
MMH9,11:44:21,2387.6350,2
MMH9,11:44:52,2412.5280,1
MMH9,11:44:52,2638.7550,1
MMH9,11:44:53,2588.2870,2
MMH9,11:44:56,2387.3500,2
MMH9,11:45:08,2438.1920,1
MMH9,11:45:25,2412.1440,1
MMH9,11:45:25,2437.2705,1
MMH9,11:45:29,2613.1560,1
MMH9,11:46:05,2613.3120,1
MMH9,11:46:05,2412.2400,1
MMH9,11:46:27,2462.3480,5
MMH9,11:46:40,2538.3825,1
MMH9,11:47:17,2437.8040,1
MMH9,11:47:32,2563.6170,4
MMH9,11:47:32,2387.6825,1
MMH9,11:48:07,2462.7400,1
MMH9,11:48:08,2638.6500,2
MMH9,11:48:08,2513.0000,2
MMH9,11:48:38,2638.2300,10
MMH9,11:48:40,2537.6755,2
MMH9,11:48:40,2487.3750,2
MMH9,11:48:41,2537.5745,1
MMH9,11:48:44,2437.1250,1
MMH9,11:48:44,2462.2010,1
MMH9,11:48:56,2437.6585,1
MMH9,11:48:58,2563.3620,1
MMH9,11:48:58,2538.2310,1
MMH9,11:48:58,2563.4130,1
MMH9,11:48:58,2387.4925,1
MMH9,11:49:14,2638.0200,1
MMH9,11:49:25,2461.9560,1
MMH9,11:49:29,2386.6375,1
MMH9,11:49:39,2411.6640,1
MMH9,11:49:39,2386.5425,3
MMH9,11:49:39,2537.2715,1
MMH9,11:49:45,2612.6880,4
MMH9,11:49:49,2537.5240,3
MMH9,11:50:31,2513.2000,1
MMH9,11:50:40,2387.5875,1
MMH9,11:50:41,2463.0340,1
MMH9,11:51:12,2412.6720,2
MMH9,11:51:18,2563.2090,1
MMH9,11:51:29,2638.4400,1
MMH9,11:51:59,2637.7050,1
MMH9,11:53:34,2563.1580,1
MMH9,11:53:34,2487.7215,5
MMH9,11:53:34,2563.0560,1
MMH9,11:53:34,2537.8775,5
MMH9,11:53:34,2462.4460,8
MMH9,11:53:48,2638.5450,10
MMH9,11:53:48,2512.8000,1
MMH9,11:53:48,2462.4950,5
MMH9,11:53:48,2512.7000,4
MMH9,11:53:55,2412.6240,1
MMH9,11:53:55,2563.4130,1
MMH9,11:53:57,2563.5150,5
MMH9,11:54:37,2387.5875,8
MMH9,11:54:37,2488.1175,4
MMH9,11:54:37,2462.9850,8
MMH9,11:54:47,2588.8020,1
MMH9,11:54:59,2639.1225,1
MMH9,11:55:00,2463.2790,1
MMH9,11:55:02,2463.4750,1
MMH9,11:55:05,2387.9200,1
MMH9,11:55:14,2563.8720,1
MMH9,11:55:15,2413.1040,1
MMH9,11:55:22,2589.1110,1
MMH9,11:55:31,2639.4375,1
MMH9,11:55:34,2639.4900,1
MMH9,11:55:34,2614.4040,1
MMH9,11:55:34,2463.7200,1
MMH9,11:55:34,2463.5730,1
MMH9,11:55:34,2488.7115,4
MMH9,11:55:35,2463.5240,1
MMH9,11:55:35,2513.8000,9
MMH9,11:55:36,2388.1100,8
MMH9,11:55:36,2413.2480,2
MMH9,11:55:37,2589.1110,2
MMH9,11:55:57,2539.1400,10
MMH9,11:56:01,2463.8670,9
MMH9,11:56:02,2639.8575,1
MMH9,11:56:05,2413.5360,1
MMH9,11:56:09,2539.1400,1
MMH9,11:56:19,2564.3820,1
MMH9,11:56:33,2539.4935,1
MMH9,11:56:36,2489.0580,1
MMH9,11:56:41,2413.6320,1
MMH9,11:56:41,2614.7680,1
MMH9,11:56:43,2614.7680,10
MMH9,11:56:48,2388.3950,1
MMH9,11:56:48,2514.0500,1
MMH9,11:56:48,2639.6475,1
MMH9,11:56:52,2614.5080,1
MMH9,11:56:52,2438.5315,2
MMH9,11:56:52,2589.3685,1
MMH9,11:56:52,2463.6710,6
MMH9,11:56:52,2564.2290,1
MMH9,11:56:52,2564.2290,1
MMH9,11:56:54,2513.8000,1
MMH9,11:57:00,2413.3920,1
MMH9,11:57:00,2388.2525,1
MMH9,11:57:00,2438.6285,1
MMH9,11:57:00,2514.0000,1
MMH9,11:57:01,2463.5730,1
MMH9,11:57:03,2538.9380,1
MMH9,11:57:06,2413.2000,1
MMH9,11:57:06,2463.4750,1
MMH9,11:57:06,2589.2140,1
MMH9,11:57:06,2614.4040,1
MMH9,11:57:11,2513.6500,1
MMH9,11:57:30,2463.0340,1
MMH9,11:57:34,2588.8535,1
MMH9,11:57:37,2488.3155,1
MMH9,11:57:48,2488.3155,1
MMH9,11:57:50,2513.6000,1
MMH9,11:57:55,2488.6620,2
MMH9,11:57:56,2388.1575,1
MMH9,11:57:56,2488.7115,1
MMH9,11:57:56,2438.4345,1
MMH9,11:57:56,2614.4040,1
MMH9,11:57:56,2564.1270,1
MMH9,11:57:57,2513.7000,1
MMH9,11:57:57,2639.3850,1
MMH9,11:57:57,2438.2890,1
MMH9,11:57:57,2614.2480,1
MMH9,11:57:59,2513.6500,1
MMH9,11:57:59,2488.3155,1
MMH9,11:59:21,2563.9230,3
MMH9,11:59:58,2488.5630,1
MMH9,12:00:18,2639.1750,1
MMH9,12:00:36,2563.8210,2
MMH9,12:01:04,2538.9885,1
MMH9,12:01:04,2488.8600,1
MMH9,12:01:04,2564.3310,1
MMH9,12:01:04,2413.4880,1
MMH9,12:01:09,2614.1960,1
MMH9,12:01:09,2513.6500,1
MMH9,12:01:24,2463.4750,1
MMH9,12:01:24,2563.9740,1
MMH9,12:01:24,2413.1520,1
MMH9,12:01:24,2438.2405,1
MMH9,12:01:24,2639.3325,1
MMH9,12:01:33,2614.1440,1
MMH9,12:01:45,2463.6220,3
MMH9,12:01:45,2388.1100,1
MMH9,12:02:08,2639.4375,1
MMH9,12:02:31,2564.6880,1
MMH9,12:02:32,2564.6880,10
MMH9,12:02:36,2464.0140,10
MMH9,12:02:59,2513.6000,1
MMH9,12:03:17,2438.1920,1
MMH9,12:03:31,2412.6720,1
MMH9,12:03:47,2387.3500,3
MMH9,12:04:03,2387.3975,10
MMH9,12:04:18,2538.2815,1
MMH9,12:05:17,2563.3620,8
MMH9,12:05:22,2462.9850,3
MMH9,12:05:33,2562.4950,1
MMH9,12:05:33,2411.7120,8
MMH9,12:05:33,2487.0780,1
MMH9,12:05:33,2637.8100,1
MMH9,12:05:36,2612.7920,1
MMH9,12:05:36,2411.8080,1
MMH9,12:05:39,2486.8800,1
MMH9,12:05:39,2562.1890,1
MMH9,12:05:50,2461.5150,1
MMH9,12:05:52,2561.5260,1
MMH9,12:05:52,2561.4750,1
MMH9,12:06:06,2561.9340,1
MMH9,12:06:07,2436.5915,1
MMH9,12:06:08,2461.9560,1
MMH9,12:06:27,2587.2570,1
MMH9,12:06:45,2611.5960,1
MMH9,12:06:45,2410.7520,1
MMH9,12:06:46,2460.4860,1
MMH9,12:06:47,2586.0210,1
MMH9,12:06:49,2460.7800,1
MMH9,12:06:55,2561.1180,1
MMH9,12:06:56,2485.4940,1
MMH9,12:06:57,2435.2820,1
MMH9,12:06:58,2485.4940,1
MMH9,12:06:58,2535.6555,3
MMH9,12:06:58,2611.0240,1
MMH9,12:06:58,2435.2335,1
MMH9,12:06:59,2610.9720,1
MMH9,12:06:59,2410.0320,1
MMH9,12:07:00,2610.8680,2
MMH9,12:07:00,2560.6590,1
MMH9,12:07:02,2610.9720,5
MMH9,12:07:02,2635.9725,1
MMH9,12:07:03,2384.8800,1
MMH9,12:07:03,2435.0395,5
MMH9,12:07:03,2485.1970,4
MMH9,12:07:04,2410.4160,1
MMH9,12:07:10,2511.0000,2
MMH9,12:07:13,2510.8000,1
MMH9,12:07:14,2561.1180,1
MMH9,12:07:17,2560.7610,10
MMH9,12:07:17,2460.2900,1
MMH9,12:07:20,2585.8150,1
MMH9,12:07:28,2384.9750,1
MMH9,12:07:49,2410.2720,1
MMH9,12:07:55,2435.2820,1
MMH9,12:07:55,2636.1300,2
MMH9,12:07:55,2635.7625,1
MMH9,12:07:55,2384.7375,5
MMH9,12:07:55,2510.1000,1
MMH9,12:07:55,2434.7485,1
MMH9,12:07:55,2610.4000,1
MMH9,12:07:55,2510.0000,1
MMH9,12:07:55,2635.5000,1
MMH9,12:07:55,2434.6515,10
MMH9,12:07:55,2585.3000,22
MMH9,12:07:55,2484.9495,10
MMH9,12:07:55,2459.8980,10
MMH9,12:07:55,2510.1500,12
MMH9,12:07:55,2460.1920,9
MMH9,12:07:55,2409.7920,1
MMH9,12:07:55,2585.5060,2
MMH9,12:07:55,2409.7920,15
MMH9,12:07:55,2409.7920,5
MMH9,12:07:55,2610.3480,1
MMH9,12:07:55,2434.5545,1
MMH9,12:07:55,2534.9485,49
MMH9,12:07:55,2635.3425,5
MMH9,12:07:55,2384.3575,25
MMH9,12:07:55,2635.4475,1
MMH9,12:07:55,2434.5545,1
MMH9,12:07:55,2560.2000,2
MMH9,12:07:55,2560.0980,1
MMH9,12:07:55,2459.6040,3
MMH9,12:07:55,2585.0940,1
MMH9,12:07:55,2384.3100,3
MMH9,12:07:55,2459.6040,3
MMH9,12:07:55,2434.5060,8
MMH9,12:07:55,2609.9320,3
MMH9,12:07:55,2534.6455,4
MMH9,12:07:55,2459.3590,1
MMH9,12:07:55,2635.0800,1
MMH9,12:07:55,2384.1200,1
MMH9,12:07:55,2409.2640,1
MMH9,12:07:55,2409.2640,1
MMH9,12:07:55,2484.6030,1
MMH9,12:07:55,2585.0425,1
MMH9,12:07:55,2459.5550,1
MMH9,12:07:55,2384.2625,2
MMH9,12:07:55,2635.2375,2
MMH9,12:07:55,2459.5550,1
MMH9,12:07:56,2434.4575,21
MMH9,12:07:56,2585.0425,21
MMH9,12:07:56,2559.9450,5
MMH9,12:07:56,2459.5550,5
MMH9,12:07:56,2559.8430,1
MMH9,12:07:56,2635.1850,5
MMH9,12:07:56,2484.7020,4
MMH9,12:07:56,2434.5060,3
MMH9,12:07:56,2484.7020,5
MMH9,12:07:56,2509.7000,4
MMH9,12:07:57,2635.1850,1
MMH9,12:07:57,2459.5060,24
MMH9,12:07:57,2434.5060,1
MMH9,12:07:57,2559.9960,1
MMH9,12:07:58,2534.9485,1
MMH9,12:07:58,2635.2900,12
MMH9,12:07:59,2509.6500,1
MMH9,12:07:59,2434.3120,21
MMH9,12:07:59,2484.5040,21
MMH9,12:07:59,2559.7920,21
MMH9,12:07:59,2635.0800,4
MMH9,12:07:59,2484.5040,8
MMH9,12:07:59,2635.0800,5
MMH9,12:07:59,2434.3120,4
MMH9,12:07:59,2459.1630,1
MMH9,12:08:11,2409.5040,5
MMH9,12:08:15,2534.9485,15
MMH9,12:08:22,2534.7465,1
MMH9,12:08:26,2459.7020,2
MMH9,12:08:26,2635.3950,2
MMH9,12:08:26,2560.0980,6
MMH9,12:08:26,2459.7020,1
MMH9,12:08:26,2434.6030,1
MMH9,12:08:26,2635.3950,1
MMH9,12:08:26,2585.2485,1
MMH9,12:08:27,2585.4030,5
MMH9,12:08:27,2535.4030,1
MMH9,12:08:29,2409.8880,2
MMH9,12:08:29,2535.6050,1
MMH9,12:08:29,2635.8150,2
MMH9,12:08:29,2636.0250,1
MMH9,12:08:31,2535.9080,1
MMH9,12:08:31,2385.2125,30
MMH9,12:08:32,2435.5245,1
MMH9,12:08:32,2636.4975,1
MMH9,12:08:36,2460.5840,1
MMH9,12:08:36,2460.5350,15
MMH9,12:08:37,2585.9695,1
MMH9,12:08:42,2611.1280,1
MMH9,12:08:47,2385.3075,10
MMH9,12:08:47,2536.0090,1
MMH9,12:08:49,2460.6820,1
MMH9,12:08:51,2611.1280,10
MMH9,12:09:02,2435.4760,1
MMH9,12:09:04,2410.6080,10
MMH9,12:09:04,2636.6550,1
MMH9,12:09:04,2410.6560,1
MMH9,12:09:06,2586.5360,1
MMH9,12:09:07,2611.6480,1
MMH9,12:09:07,2636.8125,1
MMH9,12:09:07,2410.8000,1
MMH9,12:09:07,2486.0880,15
MMH9,12:09:12,2561.0670,1
MMH9,12:09:28,2586.3300,1
MMH9,12:09:32,2385.3550,1
MMH9,12:09:32,2485.8405,1
MMH9,12:09:44,2636.6550,1
MMH9,12:09:44,2636.7075,5
MMH9,12:09:44,2385.6400,1
MMH9,12:09:49,2435.8640,15
MMH9,12:10:00,2636.6550,2
MMH9,12:10:15,2385.1175,2
MMH9,12:10:15,2510.6500,2
MMH9,12:10:17,2635.9200,1
MMH9,12:10:41,2460.6820,1
MMH9,12:10:42,2536.1100,1
MMH9,12:10:42,2460.7800,4
MMH9,12:10:54,2636.4975,2
MMH9,12:10:54,2586.2785,13
MMH9,12:10:54,2460.7310,15
MMH9,12:10:54,2385.4975,5
MMH9,12:11:33,2611.2840,1
MMH9,12:11:40,2636.4450,10
MMH9,12:11:40,2561.1180,1
MMH9,12:11:40,2485.7910,9
MMH9,12:11:49,2410.6080,10
MMH9,12:11:49,2561.2710,4
MMH9,12:11:50,2561.2710,1
MMH9,12:11:50,2460.8290,5
MMH9,12:12:00,2435.9610,1
MMH9,12:12:10,2586.2785,2
MMH9,12:12:11,2611.3360,3
MMH9,12:12:12,2485.7910,1
MMH9,12:12:12,2510.9000,10
MMH9,12:12:19,2585.8150,1
MMH9,12:12:24,2410.0320,10
MMH9,12:12:32,2561.2200,1
MMH9,12:12:32,2611.3880,1
