SECID,TRADETIME,PRICE,QUANTITY
ALH9,19:30:32,10516.3000,1
ALH9,19:37:47,9816.9600,1
ALH9,19:37:47,10737.3000,2
ALH9,19:37:57,10226.0000,3
ALH9,19:39:16,10737.3000,2
ALH9,19:41:00,9919.2200,2
ALH9,19:45:51,9914.3700,1
ALH9,19:49:45,10127.7000,4
ALH9,19:49:47,10127.7000,4
ALH9,19:53:19,10732.0500,1
ALH9,20:03:55,10757.2500,1
ALH9,20:03:57,10245.0000,1
ALH9,20:04:05,10452.9600,1
ALH9,20:04:06,10555.4400,1
ALH9,20:04:25,10144.5300,1
ALH9,20:04:26,9734.6500,1
ALH9,20:04:28,10042.0600,1
ALH9,20:04:37,10450.9200,2
ALH9,20:04:37,10765.6500,2
ALH9,20:04:37,10152.4500,2
ALH9,20:04:37,10359.5700,2
ALH9,20:04:46,10547.2000,1
ALH9,20:05:17,9731.8000,2
ALH9,20:05:40,9727.0500,2
ALH9,20:05:40,9730.8500,2
ALH9,20:06:21,10029.3200,2
ALH9,20:06:21,10749.9000,1
ALH9,20:06:21,10545.1400,1
ALH9,20:07:17,9934.7400,1
ALH9,20:07:33,9734.6500,1
ALH9,20:07:56,10451.9400,1
ALH9,20:08:22,10147.5000,1
ALH9,20:08:35,10147.5000,1
ALH9,20:08:36,10762.5000,1
ALH9,20:08:36,10048.9200,3
ALH9,20:08:36,10561.6200,2
ALH9,20:08:52,10769.8500,1
ALH9,20:08:53,9846.7200,1
ALH9,20:08:54,10051.8600,1
ALH9,20:08:55,9846.7200,1
ALH9,20:08:55,10564.7100,1
ALH9,20:08:58,9744.1500,1
ALH9,20:09:10,10459.0800,2
ALH9,20:11:04,10443.7800,1
ALH9,20:11:17,10338.3600,1
ALH9,20:11:22,10543.0800,1
ALH9,20:11:33,10237.0000,1
ALH9,20:11:38,10237.0000,1
ALH9,20:11:40,10544.1100,1
ALH9,20:11:41,9827.5200,1
ALH9,20:11:42,10032.2600,1
ALH9,20:11:43,9929.8900,1
ALH9,20:11:44,10544.1100,1
ALH9,20:11:45,10748.8500,1
ALH9,20:11:46,10339.3700,1
ALH9,20:11:47,9827.5200,1
ALH9,20:11:52,10441.7400,2
ALH9,20:12:04,10549.2600,1
ALH9,20:13:07,10458.0600,2
ALH9,20:14:40,10050.8800,1
ALH9,20:14:41,10358.5600,2
ALH9,20:14:42,9743.2000,1
ALH9,20:14:43,10768.8000,1
ALH9,20:14:44,9845.7600,1
ALH9,20:14:44,10256.0000,1
ALH9,20:14:45,10768.8000,1
ALH9,20:14:46,10461.1200,1
ALH9,20:15:16,10256.0000,1
ALH9,20:15:17,10050.8800,1
ALH9,20:16:03,10152.4500,2
ALH9,20:16:40,10357.5500,1
ALH9,20:16:40,10048.9200,1
ALH9,20:17:45,10752.0000,1
ALH9,20:17:45,9830.4000,1
ALH9,20:18:14,10043.0400,2
ALH9,20:18:19,9939.5900,2
ALH9,20:18:32,10453.9800,2
ALH9,20:18:44,10149.4800,2
ALH9,20:19:05,10763.5500,2
ALH9,20:19:21,10768.8000,1
ALH9,20:19:22,10768.8000,1
ALH9,20:19:58,10345.4300,2
ALH9,20:20:11,10753.0500,1
ALH9,20:20:14,10241.0000,2
ALH9,20:20:16,10241.0000,1
ALH9,20:20:17,9728.9500,1
ALH9,20:20:37,10345.4300,2
ALH9,20:21:37,10763.5500,1
ALH9,20:21:52,10563.6800,1
ALH9,20:21:53,10768.8000,1
ALH9,20:21:54,9948.3200,1
ALH9,20:21:55,10461.1200,1
ALH9,20:21:55,10256.0000,1
ALH9,20:21:56,10358.5600,1
ALH9,20:21:57,10050.8800,1
ALH9,20:21:58,10461.1200,1
ALH9,20:22:10,10664.1600,1
ALH9,20:23:38,10041.0800,1
ALH9,20:23:40,10348.4600,1
ALH9,20:23:44,10239.0000,5
ALH9,20:24:13,10125.7200,1
ALH9,20:24:15,10432.5600,1
ALH9,20:24:15,10432.5600,1
ALH9,20:24:16,10330.2800,1
ALH9,20:24:17,10534.8400,1
ALH9,20:24:18,9818.8800,1
ALH9,20:24:19,10637.1200,1
ALH9,20:24:19,10534.8400,1
ALH9,20:25:13,9835.2000,1
ALH9,20:25:15,10449.9000,1
ALH9,20:25:24,10556.4700,1
ALH9,20:25:56,10457.0400,1
ALH9,20:26:00,9944.4400,2
ALH9,20:26:10,10355.5300,1
ALH9,20:26:30,10561.6200,1
ALH9,20:26:31,10048.9200,1
ALH9,20:26:33,10561.6200,1
ALH9,20:26:34,10459.0800,1
ALH9,20:26:34,10048.9200,1
ALH9,20:26:35,10459.0800,1
ALH9,20:26:36,10459.0800,1
ALH9,20:26:39,10459.0800,1
ALH9,20:26:42,10253.0000,2
ALH9,20:27:43,10137.6000,1
ALH9,20:27:44,10444.8000,1
ALH9,20:27:45,10752.0000,1
ALH9,20:27:46,10342.4000,1
ALH9,20:27:47,10444.8000,1
ALH9,20:27:47,9830.4000,1
ALH9,20:27:49,9728.0000,1
ALH9,20:27:50,10444.8000,1
ALH9,20:27:54,9722.3000,3
ALH9,20:27:54,10336.3400,2
ALH9,20:27:54,10130.6700,2
ALH9,20:28:04,10536.9000,1
ALH9,20:28:05,10025.4000,1
ALH9,20:28:06,10741.5000,1
ALH9,20:28:07,9820.8000,1
ALH9,20:28:08,10434.6000,1
ALH9,20:28:09,10230.0000,1
ALH9,20:28:10,10025.4000,1
ALH9,20:28:11,10639.2000,1
ALH9,20:28:12,9923.1000,1
ALH9,20:28:19,10435.6200,2
ALH9,20:28:41,10342.4000,1
ALH9,20:28:50,10342.4000,1
ALH9,20:28:51,10342.4000,1
ALH9,20:28:52,10752.0000,1
ALH9,20:28:53,9940.5600,1
ALH9,20:28:56,9940.5600,4
ALH9,20:29:17,10762.5000,1
ALH9,20:29:18,9840.0000,1
ALH9,20:29:26,10561.6200,1
ALH9,20:29:27,10048.9200,1
ALH9,20:29:28,10561.6200,1
ALH9,20:29:34,9741.3000,1
ALH9,20:29:35,9741.3000,1
ALH9,20:29:36,10561.6200,1
ALH9,20:29:39,9741.3000,1
ALH9,20:29:40,10254.0000,1
ALH9,20:29:41,10664.1600,1
ALH9,20:29:42,9741.3000,1
ALH9,20:29:43,10766.7000,1
ALH9,20:29:47,10663.1200,2
ALH9,20:30:59,10441.7400,1
ALH9,20:31:00,9827.5200,1
ALH9,20:31:01,10544.1100,1
ALH9,20:31:02,9929.8900,1
ALH9,20:31:03,10544.1100,1
ALH9,20:31:18,9921.1600,1
ALH9,20:31:19,9818.8800,1
ALH9,20:31:21,9921.1600,1
ALH9,20:31:21,10125.7200,1
ALH9,20:31:22,10534.8400,1
ALH9,20:31:23,10432.5600,1
ALH9,20:31:24,10125.7200,1
ALH9,20:31:25,10125.7200,1
ALH9,20:31:26,10330.2800,1
ALH9,20:31:34,10027.3600,1
ALH9,20:31:34,10641.2800,1
ALH9,20:31:35,9925.0400,1
ALH9,20:31:39,10330.2800,1
ALH9,20:31:40,10534.8400,1
ALH9,20:31:41,10739.4000,1
ALH9,20:31:42,10125.7200,1
ALH9,20:31:43,10637.1200,1
ALH9,20:31:47,10433.5800,1
ALH9,20:32:23,10451.9400,1
ALH9,20:32:28,10555.4400,1
ALH9,20:32:29,10657.9200,1
ALH9,20:32:36,10657.9200,1
ALH9,20:32:37,10350.4800,1
ALH9,20:32:42,10661.0400,2
ALH9,20:32:53,10554.4100,1
ALH9,20:32:54,9734.6500,1
ALH9,20:32:55,10656.8800,1
ALH9,20:32:58,10656.8800,1
ALH9,20:33:02,10456.0200,2
ALH9,20:33:02,10045.0000,2
ALH9,20:33:28,10451.9400,1
ALH9,20:33:29,10759.3500,1
ALH9,20:33:39,10656.8800,1
ALH9,20:33:40,10451.9400,1
ALH9,20:33:48,10763.5500,1
ALH9,20:33:49,9840.9600,1
ALH9,20:33:50,10148.4900,1
ALH9,20:33:51,9840.9600,1
ALH9,20:33:58,10045.9800,1
ALH9,20:34:00,10148.4900,1
ALH9,20:34:15,9945.4100,1
ALH9,20:35:13,10032.2600,1
ALH9,20:35:14,10748.8500,1
ALH9,20:35:15,10646.4800,1
ALH9,20:35:22,10032.2600,1
ALH9,20:35:23,9929.8900,1
ALH9,20:35:24,9827.5200,1
ALH9,20:35:25,9725.1500,1
ALH9,20:35:28,10537.9300,5
ALH9,20:35:41,10738.3500,1
ALH9,20:35:42,10738.3500,1
ALH9,20:35:43,10533.8100,1
ALH9,20:35:44,9920.1900,1
ALH9,20:35:44,10636.0800,1
ALH9,20:35:45,10533.8100,1
ALH9,20:35:46,10738.3500,1
ALH9,20:35:47,10738.3500,1
ALH9,20:35:53,10739.4000,2
ALH9,20:36:17,10441.7400,1
ALH9,20:36:30,9930.8600,1
ALH9,20:36:32,9726.1000,1
ALH9,20:36:42,10651.6800,1
ALH9,20:36:43,10549.2600,1
ALH9,20:36:46,10139.5800,1
ALH9,20:36:49,10549.2600,1
ALH9,20:36:56,10242.0000,1
ALH9,20:36:58,10754.1000,1
ALH9,20:37:22,10344.4200,1
ALH9,20:37:55,10446.8400,1
ALH9,20:37:56,10139.5800,1
ALH9,20:37:57,9832.3200,1
ALH9,20:38:00,10249.0000,1
ALH9,20:38:00,10556.4700,4
ALH9,20:38:10,10155.4200,2
ALH9,20:38:28,9946.3800,1
ALH9,20:38:29,10561.6200,1
ALH9,20:38:30,10254.0000,1
ALH9,20:38:31,10254.0000,1
ALH9,20:38:31,10766.7000,1
ALH9,20:38:32,10048.9200,1
ALH9,20:38:38,10663.1200,2
ALH9,20:39:44,10747.8000,1
ALH9,20:39:48,9724.2000,2
ALH9,20:40:03,10033.2400,1
ALH9,20:40:10,10236.0000,1
ALH9,20:40:11,9928.9200,1
ALH9,20:40:13,9718.5000,6
ALH9,20:40:28,10533.8100,1
ALH9,20:40:31,10533.8100,2
ALH9,20:40:44,9818.8800,1
ALH9,20:40:46,10125.7200,1
ALH9,20:50:16,10434.6000,2
ALH9,20:50:16,9922.1300,1
ALH9,20:50:25,10639.2000,1
ALH9,20:53:43,10332.3000,2
ALH9,20:53:43,10434.6000,1
ALH9,21:09:36,10043.0400,4
ALH9,21:58:38,9740.3500,1
ALH9,22:25:35,10537.9300,1
ALH9,22:35:26,10050.8800,2
ALH9,22:35:26,10257.0000,2
ALH9,22:35:26,9847.6800,1
ALH9,23:22:18,10552.3500,1
ALH9,23:47:14,10257.0000,1
ALH9,10:00:00,10546.1700,2
ALH9,10:00:01,10546.1700,2
ALH9,10:00:01,10340.3800,4
ALH9,10:00:01,10238.0000,3
ALH9,10:00:01,9723.2500,1
ALH9,10:00:01,10132.6500,1
ALH9,10:00:01,10640.2400,2
ALH9,10:00:01,9715.6500,2
ALH9,10:00:21,9909.5200,1
ALH9,10:01:18,9996.9800,1
ALH9,10:10:54,9705.2000,5
ALH9,10:10:54,10011.6800,9
ALH9,10:11:13,9806.4000,1
ALH9,10:11:13,10419.3000,4
ALH9,10:18:16,9806.4000,2
ALH9,10:18:18,10112.8500,2
ALH9,10:20:01,10623.6000,5
ALH9,10:20:05,10518.3600,2
ALH9,10:21:45,10412.1600,1
ALH9,10:22:04,10728.9000,1
ALH9,10:24:11,10420.3200,2
ALH9,10:24:11,9707.1000,2
ALH9,10:31:02,9811.2000,10
ALH9,10:32:12,9905.6400,1
ALH9,10:32:12,9905.6400,7
ALH9,10:32:12,9701.4000,2
ALH9,10:33:01,9905.6400,2
ALH9,10:33:12,10007.7600,1
ALH9,10:33:12,10620.4800,1
ALH9,10:38:24,10217.0000,2
ALH9,10:38:24,10013.6400,6
ALH9,10:38:24,9810.2400,6
ALH9,10:38:24,9811.2000,10
ALH9,10:38:24,10424.4000,1
ALH9,10:57:18,10006.7800,9
ALH9,10:57:41,9795.8400,3
ALH9,10:57:41,10204.0000,5
ALH9,10:59:55,10011.6800,2
ALH9,11:00:05,10421.3400,8
ALH9,11:00:05,10625.6800,1
ALH9,11:00:06,10629.8400,2
ALH9,11:00:06,10323.2100,1
ALH9,11:00:06,10221.0000,4
ALH9,11:00:27,10023.4400,1
ALH9,11:00:27,9921.1600,1
ALH9,11:03:17,10216.0000,1
ALH9,11:03:35,10726.8000,2
ALH9,11:03:35,10726.8000,2
ALH9,11:07:53,10639.2000,1
ALH9,11:07:53,10536.9000,1
ALH9,11:07:58,10133.6400,2
ALH9,11:07:59,10240.0000,2
ALH9,11:08:45,10550.2900,2
ALH9,11:08:49,10040.1000,2
ALH9,11:09:15,10032.2600,2
ALH9,11:09:36,10752.0000,1
ALH9,11:12:32,10147.5000,1
ALH9,11:12:32,10250.0000,2
ALH9,11:12:39,10665.2000,2
ALH9,11:12:40,9846.7200,1
ALH9,11:12:40,10259.0000,3
ALH9,11:13:09,10259.0000,10
ALH9,11:13:09,9947.3500,1
ALH9,11:14:19,10773.0000,2
ALH9,11:16:25,10778.2500,1
ALH9,11:16:25,9751.7500,1
ALH9,11:16:25,10059.7000,2
ALH9,11:18:35,9951.2300,1
ALH9,11:19:28,9842.8800,1
ALH9,11:19:28,9842.8800,1
ALH9,11:33:11,9738.4500,5
ALH9,11:33:11,10148.4900,1
ALH9,11:41:54,10562.6500,1
ALH9,11:41:54,10460.1000,2
ALH9,11:42:20,10558.5300,2
ALH9,11:42:20,10352.5000,5
ALH9,11:42:20,10660.0000,4
ALH9,11:42:20,10556.4700,2
ALH9,11:42:20,10248.0000,14
ALH9,11:42:35,10558.5300,5
ALH9,11:42:35,10657.9200,10
ALH9,11:42:42,10763.5500,2
ALH9,11:42:42,10456.0200,3
ALH9,11:43:01,10758.3000,2
ALH9,11:43:01,10550.2900,2
ALH9,11:43:01,9730.8500,2
ALH9,11:43:01,10549.2600,2
ALH9,11:43:01,10549.2600,5
ALH9,11:43:01,10034.2200,7
ALH9,11:43:37,9835.2000,1
ALH9,11:48:08,10251.0000,2
ALH9,12:05:33,10030.3000,1
ALH9,12:10:49,9722.3000,2
ALH9,12:10:49,10642.3200,2
ALH9,12:10:49,10233.0000,5
ALH9,12:10:49,10335.3300,2
ALH9,12:10:49,9823.6800,5
ALH9,12:10:49,10437.6600,6
ALH9,12:21:09,10762.5000,2
ALH9,12:21:09,9737.5000,2
ALH9,12:21:40,10045.9800,2
ALH9,12:21:40,9944.4400,1
ALH9,12:21:40,9944.4400,1
ALH9,12:24:49,10254.0000,2
ALH9,12:24:49,10561.6200,2
ALH9,12:24:49,9738.4500,5
ALH9,12:24:49,10148.4900,4
ALH9,12:24:49,10761.4500,2
ALH9,12:24:49,10045.9800,2
ALH9,12:24:49,10045.9800,2
ALH9,12:24:49,9943.4700,2
ALH9,12:24:49,10352.5000,4
ALH9,12:24:53,9946.3800,2
ALH9,12:24:53,10152.4500,1
ALH9,12:29:58,10255.0000,2
ALH9,14:33:55,9713.7500,2
ALH9,14:33:55,10429.5000,2
ALH9,14:33:55,10531.7500,9
ALH9,14:33:56,9702.3500,2
ALH9,14:35:41,9804.4800,2
ALH9,15:00:05,9714.7000,1
ALH9,15:01:11,10218.0000,1
ALH9,15:02:49,9881.3900,1
ALH9,15:05:45,9689.0500,10
ALH9,15:05:45,9791.0400,1
ALH9,15:34:41,10414.2000,1
ALH9,15:44:08,10073.2500,1
ALH9,15:44:08,9869.7500,1
ALH9,15:44:08,10276.7500,1
ALH9,15:44:16,10677.4500,1
ALH9,15:44:29,10564.3200,1
ALH9,15:44:29,9852.2900,2
ALH9,15:44:29,9649.1500,8
ALH9,15:46:14,10366.2600,1
ALH9,15:46:14,10061.3700,1
ALH9,15:46:14,9958.7600,2
ALH9,15:46:14,9855.2000,6
ALH9,15:46:42,9956.8000,2
ALH9,15:46:42,10363.2000,1
ALH9,15:46:42,10261.6000,1
ALH9,15:46:43,10666.9500,2
ALH9,15:47:20,10565.3600,1
ALH9,15:47:20,10362.1800,7
ALH9,15:47:20,9854.2300,10
ALH9,15:47:20,10566.4000,2
ALH9,15:47:20,10464.8000,1
ALH9,15:47:25,10259.5800,6
ALH9,15:47:25,10259.5800,5
ALH9,15:47:25,10665.9000,5
ALH9,15:49:17,10669.0500,1
ALH9,15:52:05,9758.4000,1
ALH9,15:54:04,10372.3800,1
ALH9,15:57:24,10372.3800,2
ALH9,15:57:24,10067.3100,2
ALH9,15:57:24,9865.8700,1
ALH9,15:57:24,9866.8400,1
ALH9,15:57:24,10681.6500,1
ALH9,15:57:24,9971.5000,1
ALH9,15:57:24,10276.7500,2
ALH9,15:57:24,10379.5200,1
ALH9,15:57:24,9972.4800,1
ALH9,15:57:24,10176.0000,4
ALH9,15:57:24,10379.5200,3
ALH9,16:00:03,10566.4000,2
ALH9,16:00:03,10058.4000,5
ALH9,16:00:03,9952.8800,2
ALH9,16:00:03,10562.2400,1
ALH9,16:00:03,9952.8800,2
ALH9,16:00:03,9949.9400,2
ALH9,16:00:20,10453.4700,1
ALH9,16:00:24,10047.5100,1
ALH9,16:00:36,10453.4700,1
ALH9,16:01:03,9840.6500,2
ALH9,16:01:38,10460.6800,2
ALH9,16:03:45,9955.8200,2
ALH9,16:05:32,10666.9500,5
ALH9,16:06:18,9756.4800,1
ALH9,16:06:18,10061.3700,1
ALH9,16:06:18,10467.8900,2
ALH9,16:07:40,9851.3200,5
ALH9,16:10:07,9747.8400,2
ALH9,16:10:24,10562.2400,2
ALH9,16:10:24,10156.0000,2
ALH9,16:10:24,9853.2600,2
ALH9,16:10:24,10362.1800,12
ALH9,16:10:24,10668.0000,2
ALH9,16:10:44,9946.0200,2
ALH9,16:10:44,10656.4500,2
ALH9,16:10:44,9844.5300,1
ALH9,16:13:49,10666.9500,1
ALH9,16:13:49,10565.3600,1
ALH9,16:28:26,9748.8000,1
ALH9,16:28:26,10154.0000,2
ALH9,16:35:07,9648.2000,1
ALH9,16:35:56,10260.5900,1
ALH9,16:39:19,10162.0000,1
ALH9,16:39:19,10369.3200,1
ALH9,16:41:32,9748.8000,1
ALH9,16:41:32,10458.6200,2
ALH9,16:41:32,10559.1200,1
ALH9,16:44:53,10459.6500,1
ALH9,16:45:48,10161.0000,1
ALH9,16:45:48,10060.3800,1
ALH9,16:45:48,10467.8900,1
ALH9,16:45:48,10570.5600,1
ALH9,16:45:48,10674.3000,2
ALH9,16:45:48,9658.6500,1
ALH9,16:45:48,10675.3500,2
ALH9,16:46:00,9955.8200,2
ALH9,16:46:00,9749.7600,1
ALH9,16:46:37,10358.1000,2
ALH9,16:46:37,9747.8400,2
ALH9,16:49:38,9648.2000,1
ALH9,16:50:16,9956.8000,1
ALH9,16:55:06,9952.8800,1
ALH9,17:02:47,10355.0400,1
ALH9,17:04:53,9954.8400,1
ALH9,17:04:53,9854.2300,1
ALH9,17:04:53,9652.0000,1
ALH9,17:11:30,10049.4900,1
ALH9,17:11:30,9744.0000,3
ALH9,17:11:50,9943.0800,1
ALH9,17:11:50,9635.8500,1
ALH9,17:11:50,9634.9000,3
ALH9,17:11:50,10142.0000,4
ALH9,17:11:50,9633.9500,1
ALH9,17:11:53,9741.1200,1
ALH9,17:14:23,10256.5500,1
ALH9,17:20:55,10142.0000,1
ALH9,17:22:42,10439.0500,1
ALH9,17:24:30,9947.9800,1
ALH9,17:25:00,9647.2500,1
ALH9,17:26:41,10557.0400,1
ALH9,17:29:26,10357.0800,1
ALH9,17:29:26,9850.3500,1
ALH9,17:29:26,9852.2900,2
ALH9,17:29:26,9953.8600,1
ALH9,17:29:26,10158.0000,1
ALH9,17:29:26,10462.7400,1
ALH9,17:29:26,10668.0000,2
ALH9,17:29:26,9754.5600,4
ALH9,17:32:00,10052.4600,2
ALH9,17:41:33,10462.7400,2
ALH9,17:43:21,9956.8000,1
ALH9,17:43:21,10059.3900,1
ALH9,17:43:21,9653.9000,1
ALH9,17:43:21,9858.1100,1
ALH9,17:43:21,10366.2600,1
ALH9,17:43:21,9756.4800,2
ALH9,17:49:01,10670.1000,1
ALH9,17:49:01,10166.0000,1
ALH9,17:49:01,10166.0000,1
ALH9,17:49:01,10267.6600,2
ALH9,17:49:01,9659.6000,2
ALH9,17:49:11,10473.0400,2
ALH9,17:49:15,9655.8000,1
ALH9,17:50:28,10676.4000,1
ALH9,17:52:44,10673.2500,2
ALH9,17:53:10,10574.7200,1
ALH9,17:53:59,10574.7200,2
ALH9,17:53:59,9660.5500,2
ALH9,17:53:59,10169.0000,2
ALH9,17:53:59,10476.1300,2
ALH9,17:53:59,10578.8800,2
ALH9,17:53:59,9867.8100,2
ALH9,17:53:59,10580.9600,2
ALH9,17:53:59,9665.3000,2
ALH9,17:57:11,10176.0000,1
ALH9,18:04:55,10672.2000,5
ALH9,18:04:55,9654.8500,5
ALH9,18:04:55,10569.5200,5
ALH9,18:04:55,10670.1000,1
ALH9,18:04:55,10260.5900,3
ALH9,18:04:55,10057.4100,3
ALH9,18:04:55,10463.7700,1
ALH9,18:08:41,10366.2600,1
ALH9,18:08:41,9857.1400,1
ALH9,18:13:36,10169.0000,1
ALH9,18:15:05,9856.1700,1
ALH9,18:15:05,10261.6000,1
ALH9,18:19:39,10363.2000,1
ALH9,18:20:49,10155.0000,2
ALH9,18:20:55,10153.0000,3
ALH9,18:20:56,10049.4900,5
ALH9,18:20:56,9744.0000,2
ALH9,18:21:20,10249.4800,3
ALH9,18:21:20,9639.6500,4
ALH9,18:26:15,10157.0000,1
ALH9,18:26:15,9853.2600,1
ALH9,18:26:15,10159.0000,1
ALH9,18:26:15,10058.4000,8
ALH9,18:26:15,10466.8600,2
ALH9,18:26:15,10061.3700,1
ALH9,18:26:15,10265.6400,2
ALH9,18:26:15,9759.3600,1
ALH9,18:35:16,10470.9800,1
ALH9,18:36:02,10361.1600,1
ALH9,18:36:05,10665.9000,1
ALH9,18:36:05,10665.9000,2
ALH9,18:36:05,10055.4300,7
ALH9,18:36:05,10360.1400,3
ALH9,19:07:15,9771.0000,1
ALH9,19:07:15,9477.8700,1
ALH9,19:07:21,9477.8700,2
ALH9,19:07:26,10163.9200,2
ALH9,19:07:27,9284.3500,2
ALH9,19:08:01,9383.0400,2
ALH9,19:08:13,9978.6600,1
ALH9,19:08:13,9297.6500,1
ALH9,19:08:20,10094.0000,1
ALH9,19:08:40,9312.8500,2
ALH9,19:08:40,9309.0500,2
ALH9,19:09:39,10097.0900,2
ALH9,19:10:01,10097.0900,2
ALH9,19:10:39,9999.0600,2
ALH9,19:10:42,10293.1500,2
ALH9,19:10:45,9508.9100,2
ALH9,19:10:51,10293.1500,2
ALH9,19:10:54,10098.1200,2
ALH9,19:11:49,10197.2000,1
ALH9,19:11:58,9885.8800,1
ALH9,19:11:59,10079.5800,1
ALH9,19:11:59,9290.0500,1
ALH9,19:12:08,9771.0000,1
ALH9,19:12:58,9770.0000,2
ALH9,19:13:09,9868.7100,2
ALH9,19:13:34,9964.3800,2
ALH9,19:13:40,9768.0000,2
ALH9,19:14:05,9284.3500,2
ALH9,19:14:15,9786.0000,1
ALH9,19:14:15,9789.0000,1
ALH9,19:14:19,9895.9800,1
ALH9,19:14:19,9996.0000,1
ALH9,19:14:32,9513.7600,2
ALH9,19:15:27,9803.0000,2
ALH9,19:15:30,10197.2000,2
ALH9,19:15:53,10197.2000,2
ALH9,19:15:59,10099.1500,2
ALH9,19:16:08,9805.0000,2
ALH9,19:16:12,10000.0800,1
ALH9,19:16:12,10196.1600,1
ALH9,19:17:25,9510.8500,2
ALH9,19:17:41,9510.8500,2
ALH9,19:20:58,9710.9100,2
ALH9,19:21:00,9902.0400,2
ALH9,19:21:06,9410.8800,1
ALH9,19:21:06,9606.9400,1
ALH9,19:21:08,10281.6000,1
ALH9,19:21:09,9688.1400,1
ALH9,19:21:09,10270.0500,1
ALH9,19:21:26,9976.6200,2
ALH9,19:21:59,10173.2800,2
ALH9,19:22:18,9976.6200,2
ALH9,19:22:29,9974.5800,2
ALH9,19:22:52,9877.8000,2
ALH9,19:23:04,9877.8000,1
ALH9,19:24:41,9500.1800,1
ALH9,19:24:41,9506.0000,1
ALH9,19:24:43,10097.0900,1
ALH9,19:24:49,9808.0000,2
ALH9,19:24:50,9513.7600,2
ALH9,19:25:20,10295.2500,2
ALH9,19:25:48,10099.1500,2
ALH9,19:26:13,9903.0500,1
ALH9,19:26:26,9706.9500,2
ALH9,19:26:33,9903.0500,2
ALH9,19:26:40,9412.8000,2
ALH9,19:26:41,9903.0500,2
ALH9,19:26:45,9607.9200,2
ALH9,19:26:46,9801.0000,2
ALH9,19:26:46,9306.2000,1
ALH9,19:26:47,9296.7000,1
ALH9,19:26:55,10267.9500,2
ALH9,19:26:56,9583.4200,2
ALH9,19:26:59,9291.9500,2
ALH9,19:27:02,10174.3200,1
ALH9,19:27:02,10076.4900,1
ALH9,19:28:10,9781.0000,2
ALH9,19:28:26,9584.4000,2
ALH9,19:28:35,10171.2000,2
ALH9,19:28:40,9779.0000,2
ALH9,19:28:53,9780.0000,2
ALH9,19:29:04,9291.0000,2
ALH9,19:29:14,9291.0000,2
ALH9,19:29:20,9800.0000,1
ALH9,19:29:28,9414.7200,2
ALH9,19:29:29,9316.6500,2
ALH9,19:29:30,9610.8600,2
ALH9,19:29:30,10101.2100,2
ALH9,19:30:34,9508.9100,2
ALH9,19:30:51,9703.9800,2
ALH9,19:31:10,9411.8400,1
ALH9,19:31:48,10099.1500,2
ALH9,19:32:11,9608.9000,2
ALH9,19:32:19,9412.8000,2
ALH9,19:32:30,10295.2500,2
ALH9,19:32:31,9804.0000,2
ALH9,19:32:35,9296.7000,1
ALH9,19:32:45,9777.0000,2
ALH9,19:32:46,9288.1500,2
ALH9,19:32:47,9972.5400,2
ALH9,19:32:50,9580.4800,1
ALH9,19:32:50,10167.0400,1
ALH9,19:33:10,10270.0500,1
ALH9,19:33:10,9487.5700,1
ALH9,19:33:14,9702.0000,1
ALH9,19:33:14,9800.0000,1
ALH9,19:33:36,10105.3300,2
ALH9,19:33:52,9603.0200,1
ALH9,19:33:55,10079.5800,1
ALH9,19:34:01,10071.3400,2
ALH9,19:34:15,10076.4900,2
ALH9,19:34:20,9588.3200,2
ALH9,19:34:39,10179.5200,2
ALH9,19:34:40,10277.4000,2
ALH9,19:34:41,9690.1200,2
ALH9,19:34:41,10179.5200,2
ALH9,19:34:42,9396.4800,2
ALH9,19:34:55,9788.0000,2
ALH9,19:34:56,10277.4000,2
ALH9,19:34:57,9592.2400,1
ALH9,19:34:57,9983.7600,1
ALH9,19:35:05,9408.0000,1
ALH9,19:35:05,9702.0000,1
ALH9,19:35:05,10290.0000,1
ALH9,19:35:10,9902.0400,2
ALH9,19:35:15,10100.1800,2
ALH9,19:35:16,9904.0600,2
ALH9,19:35:37,10196.1600,2
ALH9,19:35:56,9902.0400,2
ALH9,19:36:10,9607.9200,2
ALH9,19:36:19,10000.0800,2
ALH9,19:36:20,10095.0300,2
ALH9,19:36:22,9590.2800,1
ALH9,19:36:29,9980.7000,2
ALH9,19:36:29,9589.3000,2
ALH9,19:36:29,9687.1500,2
ALH9,19:36:29,9785.0000,2
ALH9,19:36:38,9500.1800,2
ALH9,19:36:43,9597.1400,2
ALH9,19:36:47,10282.6500,2
ALH9,19:36:57,9302.4000,2
ALH9,19:37:00,9790.0000,2
ALH9,19:37:11,9695.0700,2
ALH9,19:37:17,10192.0000,1
ALH9,19:37:24,9808.0000,2
ALH9,19:37:24,9513.7600,2
ALH9,19:37:25,9317.6000,2
ALH9,19:37:26,10004.1600,2
ALH9,19:37:27,9906.0800,2
ALH9,19:37:27,9414.7200,2
ALH9,19:37:27,9708.9300,2
ALH9,19:37:27,9414.7200,2
ALH9,19:37:27,9605.9600,1
ALH9,19:37:27,9703.9800,1
ALH9,19:37:34,9492.4200,1
ALH9,19:37:39,9984.7800,2
ALH9,19:37:40,9397.4400,2
ALH9,19:37:41,9789.0000,1
ALH9,19:37:41,9691.1100,1
ALH9,19:37:56,9800.0000,1
ALH9,19:38:06,10297.3500,2
ALH9,19:38:13,9410.8800,2
ALH9,19:38:14,9901.0300,2
ALH9,19:38:41,9509.8800,2
ALH9,19:38:55,10097.0900,2
ALH9,19:39:05,9410.8800,2
ALH9,19:39:06,9409.9200,2
ALH9,19:39:07,9786.0000,1
ALH9,19:39:13,9787.0000,2
ALH9,19:39:13,9884.8700,2
ALH9,19:39:13,9689.1300,2
ALH9,19:39:26,9397.4400,2
ALH9,19:39:55,10087.8200,2
ALH9,19:39:59,9794.0000,2
ALH9,19:40:02,9989.8800,2
ALH9,19:40:05,9794.0000,2
ALH9,19:40:07,9891.9400,2
ALH9,19:40:10,9794.0000,2
ALH9,19:40:14,9310.0000,1
ALH9,19:40:25,9607.9200,2
ALH9,19:40:26,9804.0000,2
ALH9,19:40:27,9607.9200,2
ALH9,19:40:32,9883.8600,1
ALH9,19:40:36,9798.0000,2
ALH9,19:40:36,9800.0000,1
ALH9,19:40:42,9702.0000,2
ALH9,19:40:43,9506.0000,2
ALH9,19:44:39,9706.9500,2
ALH9,19:44:40,9314.7500,2
ALH9,19:44:44,9413.7600,2
ALH9,19:44:51,9882.8500,1
ALH9,19:45:03,9986.8200,2
ALH9,19:45:05,9595.1800,2
ALH9,19:45:05,9595.1800,2
ALH9,19:45:06,9888.9100,2
ALH9,19:45:10,10280.5500,2
ALH9,19:45:22,9400.3200,2
ALH9,19:45:39,9800.0000,1
ALH9,19:45:52,9606.9400,2
ALH9,19:45:54,9410.8800,2
ALH9,19:46:13,9795.0000,2
ALH9,19:46:36,9796.0000,1
ALH9,19:46:37,10089.8800,1
ALH9,19:46:38,10285.8000,1
ALH9,19:46:39,9306.2000,1
ALH9,20:06:58,9310.0000,2
ALH9,20:07:07,9510.8500,2
ALH9,20:07:10,9509.8800,2
ALH9,20:07:24,10001.1000,2
ALH9,20:07:25,10001.1000,2
ALH9,20:07:35,9412.8000,2
ALH9,20:07:46,10275.3000,1
ALH9,20:07:50,9490.4800,2
ALH9,20:07:55,10079.5800,2
ALH9,20:08:23,9883.8600,2
ALH9,20:08:31,9297.6500,2
ALH9,20:09:14,9980.7000,2
ALH9,20:09:26,9489.5100,2
ALH9,20:09:29,9782.0000,1
ALH9,20:09:34,10074.4300,2
ALH9,20:09:52,9702.0000,1
ALH9,20:10:00,9608.9000,2
ALH9,20:10:09,9902.0400,1
ALH9,20:10:09,9804.0000,1
ALH9,20:10:13,9707.9400,1
ALH9,20:10:13,9315.7000,1
ALH9,20:11:15,10197.2000,2
ALH9,20:11:15,10197.2000,2
ALH9,20:11:16,9314.7500,2
ALH9,20:11:19,10198.2400,2
ALH9,20:11:22,10198.2400,2
ALH9,20:11:49,10295.2500,1
ALH9,20:11:51,10293.1500,2
ALH9,20:13:09,9492.4200,1
ALH9,20:13:16,9786.0000,2
ALH9,20:14:09,9391.6800,2
ALH9,20:14:21,9491.4500,2
ALH9,20:14:28,9881.8400,2
ALH9,20:14:41,9996.0000,1
ALH9,20:14:51,10298.4000,2
ALH9,20:14:52,9415.6800,2
ALH9,20:14:53,9906.0800,2
ALH9,20:14:56,10194.0800,2
ALH9,20:15:54,9413.7600,2
ALH9,20:16:06,10198.2400,1
ALH9,20:16:18,10100.1800,2
ALH9,20:16:30,10200.3200,2
ALH9,20:16:31,10298.4000,2
ALH9,20:16:33,9512.7900,2
ALH9,20:16:33,9315.7000,2
ALH9,20:16:37,9883.8600,1
ALH9,20:16:42,9589.3000,2
ALH9,20:16:42,10183.6800,2
ALH9,20:16:42,9883.8600,2
ALH9,20:17:26,9496.3000,1
ALH9,20:17:26,9790.0000,1
ALH9,20:17:38,9800.0000,1
ALH9,20:17:51,9810.0000,2
ALH9,20:17:54,10198.2400,2
ALH9,20:18:11,9496.3000,2
ALH9,20:18:17,9496.3000,2
ALH9,20:18:23,10087.8200,2
ALH9,20:18:31,9891.9400,2
ALH9,20:18:49,9612.8200,2
ALH9,20:18:50,10005.1800,2
ALH9,20:18:51,10005.1800,1
ALH9,20:18:51,9415.6800,2
ALH9,20:18:51,9706.9500,1
ALH9,20:19:01,10187.8400,2
ALH9,20:19:03,9700.0200,2
ALH9,20:19:09,9798.0000,2
ALH9,20:19:14,9786.0000,1
ALH9,20:19:22,9594.2000,2
ALH9,20:19:34,9506.0000,1
ALH9,20:19:40,10103.2700,2
ALH9,20:19:46,10099.1500,2
ALH9,20:19:46,9315.7000,2
ALH9,10:00:07,9492.4200,1
ALH9,10:00:54,9408.0000,1
ALH9,10:01:17,9882.8500,1
ALH9,10:01:46,10193.0400,1
ALH9,10:01:46,9422.4000,1
ALH9,10:01:46,9713.8800,1
ALH9,10:02:01,10111.5100,1
ALH9,10:02:02,9996.0000,1
ALH9,10:02:02,10079.5800,1
ALH9,10:02:02,10064.1300,1
ALH9,10:02:02,9757.0000,1
ALH9,10:02:02,10229.1000,1
ALH9,10:02:02,9835.3800,10
ALH9,10:02:02,10011.6000,2
ALH9,10:02:02,9312.0000,1
ALH9,10:02:02,9797.0000,2
ALH9,10:02:02,9506.0000,1
ALH9,10:02:02,9409.0000,1
ALH9,10:02:02,9603.0000,5
ALH9,10:02:02,10088.0000,50
ALH9,10:02:02,9506.0000,5
ALH9,10:02:02,9312.0000,10
ALH9,10:02:02,9991.0000,5
ALH9,10:02:02,9412.8800,1
ALH9,10:02:02,9409.0000,10
ALH9,10:02:02,9894.0000,14
ALH9,10:02:02,9699.0000,1
ALH9,10:02:02,9599.0400,2
ALH9,10:02:02,9688.0000,1
ALH9,10:02:02,9386.6900,2
ALH9,10:02:02,9862.3800,1
ALH9,10:02:02,9966.2800,1
ALH9,10:02:02,9504.0400,1
ALH9,10:02:02,9324.4800,1
ALH9,10:02:02,10120.2400,1
ALH9,10:02:02,10120.2400,1
ALH9,10:02:03,9629.7300,1
ALH9,10:02:03,9334.0800,1
ALH9,10:02:03,9820.2300,1
ALH9,10:02:03,9431.3100,5
ALH9,10:02:03,9329.2800,2
ALH9,10:02:03,9236.8500,2
ALH9,10:02:03,9907.2600,1
ALH9,10:02:03,9337.9200,1
ALH9,10:02:04,9839.4200,1
ALH9,10:02:04,9936.8400,10
ALH9,10:02:04,9853.5600,2
ALH9,10:02:04,10041.4700,2
ALH9,10:02:04,9952.1400,1
ALH9,10:02:09,9841.4400,1
ALH9,10:02:09,9257.7500,1
ALH9,10:02:09,9745.0000,1
ALH9,10:02:10,9262.5000,1
ALH9,10:02:10,9937.8600,1
ALH9,10:02:10,9645.5700,1
ALH9,10:02:25,9855.5800,2
ALH9,10:03:01,9753.0000,2
ALH9,10:03:02,9742.0000,1
ALH9,10:03:04,9464.2900,1
ALH9,10:03:28,9838.4100,1
ALH9,10:03:35,9851.5400,1
ALH9,10:03:35,9660.4200,1
ALH9,10:03:39,9839.4200,1
ALH9,10:03:40,9854.5700,1
ALH9,10:04:03,9644.5800,1
ALH9,10:04:03,9351.3600,2
ALH9,10:04:03,9246.3500,1
ALH9,10:04:17,9561.8600,1
ALH9,10:04:17,10245.9000,6
ALH9,10:04:24,9855.5800,1
ALH9,10:04:24,10050.7400,2
ALH9,10:04:24,10148.3200,1
ALH9,10:04:24,10050.7400,1
ALH9,10:04:24,9953.1600,1
ALH9,10:04:24,9660.4200,28
ALH9,10:04:24,9660.4200,3
ALH9,10:04:24,10245.9000,2
ALH9,10:04:24,9562.8400,4
ALH9,10:04:24,9270.1000,2
ALH9,10:04:24,9270.1000,1
ALH9,10:04:24,10245.9000,2
ALH9,10:04:24,9855.5800,7
ALH9,10:04:24,10148.3200,3
ALH9,10:04:24,9953.1600,4
ALH9,10:04:24,9465.2600,4
ALH9,10:04:24,9861.6400,2
ALH9,10:04:24,10159.7600,2
ALH9,10:04:29,9370.5600,2
ALH9,10:04:29,9572.6400,2
ALH9,10:04:58,9659.4300,2
ALH9,10:08:49,9856.5900,2
ALH9,10:08:49,9466.2300,2
ALH9,10:08:49,9759.0000,2
ALH9,10:08:49,9661.4100,2
ALH9,10:08:49,9954.1800,2
ALH9,10:09:57,9958.2600,1
ALH9,10:12:34,10152.4800,1
ALH9,10:12:34,10250.1000,1
ALH9,10:12:34,10250.1000,1
ALH9,10:12:34,9664.3800,1
ALH9,10:13:23,9664.3800,1
ALH9,10:17:00,9254.9000,1
ALH9,10:17:00,9936.8400,1
ALH9,10:20:48,9935.8200,2
ALH9,10:20:48,9935.8200,1
ALH9,10:20:48,9253.0000,10
ALH9,10:20:48,9545.2000,9
ALH9,10:26:29,10140.0000,1
ALH9,10:36:11,9360.0000,1
ALH9,10:36:47,9462.3500,2
ALH9,10:36:47,10047.6500,8
ALH9,10:45:26,9732.0000,1
ALH9,10:45:26,9241.6000,1
ALH9,10:45:26,9338.8800,1
ALH9,10:45:26,9337.9200,1
ALH9,10:45:27,10111.9200,2
ALH9,10:45:27,9528.5400,1
ALH9,10:45:27,10209.1500,1
ALH9,10:45:27,9820.2300,1
ALH9,10:45:27,9723.0000,1
ALH9,10:45:27,9820.2300,1
ALH9,10:45:27,9528.5400,1
ALH9,10:45:27,9723.0000,2
ALH9,10:45:27,9236.8500,2
ALH9,10:45:27,9723.0000,10
ALH9,10:45:27,9431.3100,68
ALH9,10:45:27,9524.6200,12
ALH9,10:46:29,9814.1700,1
ALH9,10:46:30,9334.0800,2
ALH9,10:47:30,10023.9600,2
ALH9,10:51:01,10016.7500,2
ALH9,10:51:01,10114.0000,2
ALH9,10:57:42,9627.7500,8
ALH9,10:57:42,9627.7500,1
ALH9,10:57:42,9238.7500,1
ALH9,10:57:42,9919.5000,1
ALH9,10:57:42,10211.2500,1
ALH9,10:57:42,9919.5000,1
ALH9,10:57:42,9336.0000,2
ALH9,10:59:37,9433.2500,2
ALH9,10:59:37,10114.0000,2
ALH9,11:00:07,10114.0000,10
ALH9,11:03:02,9818.2100,2
ALH9,11:03:27,10108.8000,5
ALH9,11:03:40,9525.6000,4
ALH9,11:03:40,9817.2000,17
ALH9,11:03:40,9817.2000,2
ALH9,11:04:24,9234.0000,1
ALH9,11:05:39,10010.5700,1
ALH9,11:05:39,10202.8500,1
ALH9,11:05:52,9331.2000,2
ALH9,11:05:52,9914.4000,1
ALH9,11:07:34,10011.6000,2
ALH9,11:08:19,10206.0000,2
ALH9,11:08:38,9720.0000,2
ALH9,11:11:42,10206.0000,10
ALH9,11:11:42,9817.2000,10
ALH9,11:14:03,9720.0000,7
ALH9,11:15:02,10108.8000,1
ALH9,11:16:07,10011.6000,1
ALH9,11:18:03,9923.5800,1
ALH9,11:19:41,9448.7700,2
ALH9,11:19:41,10033.2300,2
ALH9,11:19:41,9741.0000,11
ALH9,11:19:41,9935.8200,3
ALH9,11:21:00,10229.1000,1
ALH9,11:21:00,10034.2600,3
ALH9,11:30:31,9555.0000,10
ALH9,11:30:46,10021.9000,1
ALH9,11:35:38,9727.0000,1
ALH9,11:35:45,9422.5800,7
ALH9,11:35:45,9811.1400,1
ALH9,11:35:45,9616.8600,2
ALH9,11:35:45,9422.5800,2
ALH9,11:47:36,9518.7400,1
ALH9,11:58:35,9228.3000,2
ALH9,11:58:35,9228.3000,2
ALH9,11:58:35,9616.8600,6
ALH9,12:12:33,9995.1200,2
ALH9,12:12:33,9602.0100,2
ALH9,12:12:33,9794.9800,1
ALH9,12:13:28,9687.0000,2
ALH9,12:13:29,9880.7400,2
ALH9,12:13:29,9493.2600,1
ALH9,12:31:21,9784.8800,1
ALH9,12:31:21,9881.7600,1
ALH9,12:31:21,9978.6400,1
ALH9,12:31:21,9882.7800,1
ALH9,12:31:21,9592.1100,2
ALH9,12:31:21,9397.3600,1
ALH9,12:31:21,9978.6400,1
ALH9,12:31:22,9978.6400,1
ALH9,12:31:22,9978.6400,1
ALH9,12:31:23,9397.3600,1
ALH9,12:31:23,9397.3600,2
ALH9,12:31:34,9785.8900,1
ALH9,12:35:51,9980.7000,2
ALH9,12:35:51,9496.2000,2
ALH9,12:59:44,9506.0000,2
ALH9,12:59:44,9310.0800,1
ALH9,12:59:46,9694.0000,1
ALH9,13:00:59,9894.0000,1
ALH9,13:01:00,9312.0000,1
ALH9,13:01:07,9506.0000,1
ALH9,13:01:07,10185.0000,1
ALH9,13:01:08,9603.0000,1
ALH9,13:03:06,9504.0400,2
ALH9,13:10:30,9894.0000,18
ALH9,13:10:30,9797.0000,2
ALH9,13:15:01,9303.3600,2
ALH9,13:15:03,9496.2000,1
ALH9,13:22:19,9500.1200,1
ALH9,13:29:54,10080.7200,1
ALH9,13:36:59,9208.3500,3
ALH9,13:36:59,9402.2100,1
ALH9,13:59:56,9506.9800,3
ALH9,13:59:56,9312.9600,1
ALH9,13:59:56,9312.9600,1
ALH9,13:59:56,9607.9500,1
ALH9,14:07:12,9603.9900,1
ALH9,14:07:16,9215.9500,1
ALH9,14:07:30,9701.0000,1
ALH9,14:08:35,9217.8500,1
ALH9,14:18:56,9896.0400,2
ALH9,14:20:34,9701.0000,2
ALH9,14:35:19,10188.1500,1
ALH9,14:35:19,9994.0900,1
ALH9,14:35:19,9994.0900,2
ALH9,14:35:19,10003.3600,1
ALH9,14:35:59,9995.1200,2
ALH9,14:43:17,10100.4800,2
ALH9,14:43:17,9323.5200,1
ALH9,14:43:17,9420.6400,2
ALH9,14:43:17,9712.0000,1
ALH9,14:43:17,9226.4000,7
ALH9,14:43:17,10100.4800,1
ALH9,14:43:32,10004.3900,1
ALH9,14:43:32,9810.1300,2
ALH9,14:43:32,9228.3000,2
ALH9,14:43:33,9519.7200,2
ALH9,14:43:33,9714.0000,1
ALH9,14:43:33,10005.4200,1
ALH9,14:43:33,10199.7000,2
ALH9,14:43:33,10199.7000,2
ALH9,14:43:33,9811.1400,2
ALH9,14:44:10,9620.8200,2
ALH9,14:53:24,10110.8800,1
ALH9,14:54:15,9432.2800,1
ALH9,14:54:15,9918.4800,3
ALH9,14:58:19,9240.6500,1
ALH9,14:58:19,9921.5400,1
ALH9,15:11:53,9538.3400,1
ALH9,15:12:24,10216.5000,2
ALH9,15:14:17,9642.6000,1
ALH9,15:14:17,9545.2000,1
ALH9,15:14:17,10229.1000,1
ALH9,15:14:17,9836.3900,2
ALH9,15:14:17,10225.9500,2
ALH9,15:14:17,9347.5200,6
ALH9,15:15:05,9343.6800,1
ALH9,15:20:43,10116.0800,1
ALH9,15:20:44,9629.7300,3
ALH9,15:20:44,9435.1900,1
ALH9,15:20:44,10116.0800,2
ALH9,15:20:44,9921.5400,2
ALH9,15:20:44,9337.9200,2
ALH9,15:20:44,9337.9200,1
ALH9,15:20:44,9921.5400,1
ALH9,15:20:44,9727.0000,1
ALH9,15:21:10,10014.6900,1
ALH9,15:21:17,10110.8800,2
ALH9,15:21:17,9430.3400,8
ALH9,15:27:08,9713.0000,1
ALH9,15:29:04,9504.0400,1
ALH9,15:31:05,9703.0000,2
ALH9,15:31:05,9800.0300,2
ALH9,15:31:05,9508.9400,5
ALH9,15:31:05,9314.8800,2
ALH9,15:31:05,9605.9700,2
ALH9,15:31:05,9314.8800,1
ALH9,15:31:05,9314.8800,2
ALH9,15:31:05,9994.0900,1
ALH9,15:31:05,10188.1500,1
ALH9,15:31:05,9703.0000,2
ALH9,15:31:05,9217.8500,1
ALH9,15:33:29,9810.1300,1
ALH9,15:34:28,9910.3200,2
ALH9,15:34:28,10201.8000,2
ALH9,15:35:07,9328.3200,2
ALH9,15:35:07,9814.1700,1
ALH9,15:35:07,9328.3200,2
ALH9,15:35:07,9814.1700,3
ALH9,15:35:07,9425.4900,2
ALH9,15:49:26,9995.1200,2
ALH9,15:49:26,9509.9200,1
ALH9,15:50:12,10091.1200,2
ALH9,15:50:12,9411.9100,2
ALH9,15:50:12,9800.0300,6
ALH9,15:50:12,10091.1200,1
ALH9,15:50:12,9217.8500,1
ALH9,15:50:12,9994.0900,2
ALH9,15:50:12,10188.1500,2
ALH9,15:50:12,9994.0900,4
ALH9,15:50:12,9800.0300,1
ALH9,15:50:12,9605.9700,1
ALH9,15:50:13,9314.8800,1
ALH9,15:50:25,10088.0000,2
ALH9,15:51:19,9214.0500,2
ALH9,15:51:19,9602.0100,3
ALH9,15:51:19,9310.0800,1
ALH9,15:51:19,9210.2500,2
ALH9,15:51:19,9498.1600,12
ALH9,15:51:19,9595.0800,75
ALH9,15:51:19,10176.6000,1
ALH9,15:51:19,10079.6800,1
ALH9,15:51:20,10079.6800,1
ALH9,15:51:21,9692.0000,10
ALH9,15:51:21,9207.4000,9
ALH9,15:51:21,9401.2400,8
ALH9,15:51:21,9207.4000,5
ALH9,15:52:01,10175.5500,2
ALH9,15:52:01,9787.9100,1
ALH9,15:52:01,9883.8000,10
ALH9,15:52:01,10174.5000,2
ALH9,15:52:01,9883.8000,10
ALH9,15:52:01,9883.8000,2
ALH9,15:52:01,9496.2000,2
ALH9,15:52:01,9399.3000,2
ALH9,15:52:24,9690.0000,2
ALH9,15:53:53,9690.0000,1
ALH9,15:53:53,9980.7000,2
ALH9,16:19:11,10168.2000,1
ALH9,16:19:11,10167.1500,2
ALH9,16:19:11,9876.6600,1
ALH9,16:19:11,10167.1500,10
ALH9,16:19:11,10167.1500,10
ALH9,16:19:11,9680.0000,2
ALH9,16:19:11,9292.8000,7
ALH9,16:19:11,9873.6000,2
ALH9,16:19:11,9292.8000,10
ALH9,16:19:11,9292.8000,2
ALH9,16:19:11,9776.8000,10
ALH9,16:19:11,9970.4000,10
ALH9,16:19:11,9583.2000,2
ALH9,16:19:12,9486.4000,2
ALH9,16:19:12,9680.0000,10
ALH9,16:19:12,9776.8000,10
ALH9,16:19:12,9970.4000,2
ALH9,16:19:12,9389.6000,10
ALH9,16:19:12,9970.4000,10
ALH9,16:19:12,9389.6000,2
ALH9,16:19:12,9970.4000,10
ALH9,16:19:12,9389.6000,2
ALH9,16:19:12,9196.0000,2
ALH9,16:19:12,9680.0000,10
ALH9,16:19:17,9970.4000,2
ALH9,16:19:22,10164.0000,1
ALH9,16:19:24,9680.0000,1
ALH9,16:19:24,9389.6000,10
ALH9,16:19:24,9486.4000,10
ALH9,16:19:24,10164.0000,2
ALH9,16:19:24,9389.6000,10
ALH9,16:19:54,9196.0000,2
ALH9,16:20:24,9680.0000,2
ALH9,16:21:52,9679.0000,2
ALH9,16:25:08,9679.0000,2
ALH9,16:25:14,9291.8400,1
ALH9,16:25:14,9680.0000,3
ALH9,16:25:24,9292.8000,2
ALH9,16:25:24,9196.0000,2
ALH9,16:25:24,9291.8400,2
ALH9,16:25:24,9582.2100,2
ALH9,16:26:24,9583.2000,2
ALH9,16:26:49,9486.4000,2
ALH9,16:26:49,9292.8000,1
ALH9,16:26:51,9970.4000,2
ALH9,16:26:51,9389.6000,2
ALH9,16:26:51,9776.8000,10
ALH9,16:26:51,9389.6000,10
ALH9,16:26:54,9970.4000,10
ALH9,16:26:54,10067.2000,2
ALH9,16:26:54,9389.6000,10
ALH9,16:26:54,9970.4000,2
ALH9,16:26:54,9680.0000,10
ALH9,16:26:54,9970.4000,10
ALH9,16:26:54,9583.2000,2
ALH9,16:26:55,9776.8000,10
ALH9,16:28:46,9291.8400,2
ALH9,16:28:54,9776.8000,2
ALH9,16:36:48,9388.6300,2
ALH9,16:36:48,9291.8400,2
ALH9,16:37:02,9581.2200,6
ALH9,16:37:13,9388.6300,6
ALH9,16:38:59,9783.8700,2
ALH9,16:38:59,9590.1300,2
ALH9,16:38:59,9978.6400,2
ALH9,16:40:22,9487.3800,10
ALH9,16:40:22,9777.8100,2
ALH9,16:40:22,9776.8000,10
ALH9,16:40:22,9195.0500,2
ALH9,16:40:22,9872.5800,2
ALH9,16:40:22,9775.7900,8
ALH9,16:40:22,9291.8400,10
ALH9,16:40:22,9485.4200,10
ALH9,16:40:22,9775.7900,2
ALH9,16:40:25,9679.0000,2
ALH9,16:40:25,9872.5800,10
ALH9,16:40:25,9872.5800,10
ALH9,16:40:55,9872.5800,10
ALH9,16:40:55,9969.3700,10
ALH9,16:40:55,9485.4200,2
ALH9,16:54:27,9307.2000,1
ALH9,16:54:42,9695.0000,1
ALH9,16:55:59,9501.1000,1
ALH9,16:58:41,9680.0000,1
ALH9,16:58:51,9486.4000,7
ALH9,16:58:51,9389.6000,2
ALH9,17:00:09,10062.0000,1
ALH9,17:00:09,9288.0000,1
ALH9,17:00:09,9965.2500,1
ALH9,17:00:09,9675.0000,2
ALH9,17:00:09,10158.7500,3
ALH9,17:00:09,9481.5000,2
ALH9,17:00:09,10060.9600,1
ALH9,17:00:09,9479.5400,1
ALH9,17:00:34,9671.0000,2
ALH9,17:00:34,9960.1000,2
ALH9,17:00:34,9668.0000,1
ALH9,17:01:21,9955.9800,2
ALH9,17:01:21,10148.2500,1
ALH9,17:01:21,9568.3500,7
ALH9,17:06:50,9769.7300,1
ALH9,17:06:51,9376.0200,1
ALH9,17:12:14,9283.2000,1
ALH9,17:12:14,10056.8000,1
ALH9,17:12:14,9379.9000,1
ALH9,17:12:14,9863.4000,1
ALH9,17:12:14,10056.8000,1
ALH9,17:13:13,9573.3000,1
ALH9,17:13:13,9186.5000,1
ALH9,17:13:13,9960.1000,2
ALH9,17:18:44,9586.1700,1
ALH9,17:21:37,9880.7400,2
ALH9,18:00:15,9668.0000,1
ALH9,18:00:15,9955.9800,5
ALH9,18:00:16,10153.5000,1
ALH9,18:00:19,10141.9500,1
ALH9,18:00:19,9369.2300,2
ALH9,18:00:19,10045.3600,1
ALH9,18:00:19,9755.5900,1
ALH9,18:00:19,10141.9500,1
ALH9,18:00:20,9369.2300,1
ALH9,18:00:20,9272.6400,1
ALH9,18:00:20,9369.2300,2
ALH9,18:00:20,9659.0000,2
ALH9,18:00:20,9755.5900,1
ALH9,18:00:20,10045.3600,2
ALH9,18:00:20,9852.1800,1
ALH9,18:00:20,9852.1800,1
ALH9,18:00:20,9755.5900,2
ALH9,18:00:20,9176.0500,2
ALH9,18:00:20,9755.5900,2
ALH9,18:00:20,10141.9500,2
ALH9,18:00:20,9852.1800,2
ALH9,18:00:20,10141.9500,2
ALH9,18:00:20,9465.8200,2
ALH9,18:00:20,9369.2300,10
ALH9,18:00:20,9272.6400,3
ALH9,18:00:20,9659.0000,1
ALH9,18:00:21,9755.5900,5
ALH9,18:00:23,10139.8500,2
ALH9,18:01:01,9266.8800,1
ALH9,18:01:06,9360.5000,1
ALH9,18:01:07,9939.5000,2
ALH9,18:01:07,10036.0000,1
ALH9,18:01:07,9939.5000,1
ALH9,18:01:08,10036.0000,2
ALH9,18:01:08,9264.0000,2
ALH9,18:01:11,9939.5000,1
ALH9,18:01:14,9167.5000,1
ALH9,18:01:16,9939.5000,2
ALH9,18:01:17,9939.5000,2
ALH9,18:01:17,9746.5000,2
ALH9,18:01:17,9650.0000,2
ALH9,18:01:17,9457.0000,1
ALH9,18:01:17,9650.0000,1
ALH9,18:01:17,9553.5000,1
ALH9,18:01:17,9167.5000,1
ALH9,18:01:26,10132.5000,2
ALH9,18:01:26,9360.5000,2
ALH9,18:01:26,10036.0000,1
ALH9,18:01:26,10036.0000,1
ALH9,18:01:55,9159.9000,2
ALH9,18:02:04,9833.8200,5
ALH9,18:03:11,9642.0000,2
ALH9,18:04:20,9445.2400,1
ALH9,18:05:43,9834.8400,1
ALH9,18:07:00,9730.3400,2
ALH9,18:08:18,9627.0000,2
ALH9,18:08:18,9238.0800,1
ALH9,18:09:36,9830.7600,1
ALH9,18:12:28,10011.0400,1
ALH9,18:12:34,10118.8500,1
ALH9,18:14:49,10114.6500,2
ALH9,18:14:49,9633.0000,2
ALH9,18:17:19,9628.0000,2
ALH9,18:17:19,9435.4400,2
ALH9,18:18:09,10112.5500,13
ALH9,18:18:09,10112.5500,2
ALH9,18:18:09,10112.5500,10
ALH9,18:18:32,9341.1000,2
ALH9,18:18:34,9626.0000,1
ALH9,18:19:02,9626.0000,1
ALH9,18:19:11,9238.0800,1
ALH9,18:19:21,9240.0000,1
ALH9,18:19:31,9528.7500,1
ALH9,18:23:21,9633.0000,1
ALH9,18:24:09,9822.6000,3
ALH9,18:24:18,9724.2800,1
ALH9,18:24:28,9531.7200,1
ALH9,18:24:32,9820.5600,2
ALH9,18:24:32,9623.0000,2
ALH9,18:24:32,9141.8500,2
ALH9,18:24:32,9910.6600,2
ALH9,18:24:32,9621.0000,2
ALH9,18:24:32,9908.6000,2
ALH9,18:24:32,9812.4000,5
ALH9,18:24:32,9810.3600,1
ALH9,18:24:32,9713.1700,2
ALH9,18:24:32,9328.4900,2
ALH9,18:25:07,9142.8000,2
ALH9,18:25:07,9140.9000,2
ALH9,18:25:07,9135.2000,1
ALH9,18:25:07,10096.8000,1
ALH9,18:25:07,9518.8500,1
ALH9,18:25:07,9615.0000,1
ALH9,18:25:08,9616.0000,1
ALH9,18:25:09,9703.0700,1
ALH9,18:25:09,9413.8800,1
ALH9,18:25:10,9221.7600,5
ALH9,18:25:10,10086.3000,3
ALH9,18:25:10,10086.3000,4
ALH9,18:25:10,9408.9800,1
ALH9,18:25:10,9600.0000,1
ALH9,18:25:10,9120.0000,1
ALH9,18:25:10,9120.0000,1
ALH9,18:25:12,9687.9200,1
ALH9,18:25:20,10068.4500,1
ALH9,18:25:20,10072.6500,1
ALH9,18:25:20,10072.6500,1
ALH9,18:25:20,9688.9300,2
ALH9,18:25:20,9497.0700,1
ALH9,18:25:20,9305.2100,1
ALH9,18:25:45,9888.0000,1
ALH9,18:25:49,9403.1000,1
ALH9,18:25:53,9302.3000,2
ALH9,18:25:54,9210.2400,1
ALH9,18:25:59,9205.4400,1
ALH9,18:26:10,9492.1200,1
ALH9,18:26:22,9290.6600,1
ALH9,18:26:56,9674.7900,2
ALH9,18:26:56,9482.2200,10
ALH9,18:26:56,9482.2200,1
ALH9,18:26:57,9292.6000,1
ALH9,18:26:58,9769.5600,1
ALH9,18:26:58,9099.1000,1
ALH9,18:26:58,9769.5600,2
ALH9,18:26:59,10056.9000,9
ALH9,18:26:59,10055.8500,2
ALH9,18:26:59,10055.8500,1
ALH9,18:27:00,9385.4600,1
ALH9,18:27:01,10055.8500,2
ALH9,18:27:01,9385.4600,1
ALH9,18:27:01,9385.4600,1
ALH9,18:27:01,9193.9200,10
ALH9,18:27:02,9289.6900,9
ALH9,18:27:02,10054.8000,1
ALH9,18:29:02,9863.2800,5
ALH9,18:30:01,9671.7600,10
ALH9,18:30:51,9764.4600,2
ALH9,18:30:51,10050.6000,2
ALH9,18:30:51,9572.0000,2
ALH9,18:30:51,9379.5800,2
ALH9,18:31:04,9185.2800,2
ALH9,18:31:04,9288.7200,1
ALH9,18:31:04,9280.9600,1
ALH9,18:31:05,9379.5800,1
ALH9,18:31:31,9961.1200,2
ALH9,18:31:31,9194.8800,8
ALH9,18:31:33,9858.1300,1
ALH9,18:31:33,9092.4500,1
ALH9,18:31:34,9860.1900,2
ALH9,18:31:34,9573.0000,2
ALH9,18:31:34,9668.7300,1
ALH9,18:31:34,9668.7300,1
ALH9,18:31:34,9190.0800,1
ALH9,18:31:34,9764.4600,1
ALH9,18:31:34,9667.7200,1
ALH9,18:31:34,10050.6000,2
ALH9,18:31:36,9100.0500,2
ALH9,18:31:39,9291.6300,8
ALH9,18:31:39,9291.6300,1
ALH9,18:31:39,9387.4200,1
ALH9,18:32:14,9583.0000,1
ALH9,18:32:14,9291.6300,2
ALH9,18:32:14,9583.0000,2
ALH9,18:32:14,9774.6600,3
ALH9,18:32:14,10062.1500,2
ALH9,18:32:14,9967.3600,2
ALH9,18:32:14,9678.8300,1
ALH9,18:32:22,9295.5100,2
ALH9,18:32:22,10062.1500,2
ALH9,18:32:22,9966.3200,2
ALH9,18:32:22,9295.5100,2
ALH9,18:32:22,9678.8300,1
ALH9,18:32:22,9774.6600,1
ALH9,18:32:22,9774.6600,2
ALH9,18:32:22,9295.5100,1
ALH9,18:32:22,9583.0000,1
ALH9,18:32:24,9774.6600,2
ALH9,18:32:29,9971.5200,1
ALH9,18:33:02,10053.7500,10
ALH9,18:33:02,9862.2500,2
ALH9,18:33:02,9192.0000,10
ALH9,18:33:02,10053.7500,2
ALH9,18:33:02,9287.7500,2
ALH9,18:33:02,10053.7500,2
ALH9,18:33:02,9192.0000,2
ALH9,18:33:02,9575.0000,2
ALH9,18:33:02,9766.5000,2
ALH9,18:33:02,9287.7500,3
ALH9,18:33:02,9096.2500,7
ALH9,18:33:02,9287.7500,1
ALH9,18:33:02,9096.2500,2
ALH9,18:33:02,9862.2500,3
ALH9,18:33:20,9571.0000,2
ALH9,18:33:20,9092.4500,2
ALH9,18:33:20,10049.5500,2
ALH9,18:33:27,9959.0400,1
ALH9,18:33:41,9763.4400,1
ALH9,18:34:08,9188.1600,2
ALH9,18:34:08,10049.5500,2
ALH9,18:34:08,9953.8400,2
ALH9,18:34:09,9953.8400,2
ALH9,18:34:09,9475.2900,2
ALH9,18:34:09,9379.5800,2
ALH9,18:34:09,9379.5800,2
ALH9,18:34:09,9571.0000,2
ALH9,18:34:55,9673.7800,1
ALH9,18:35:00,9388.4000,1
ALH9,18:35:00,9771.6000,2
ALH9,18:35:00,9388.4000,2
ALH9,18:35:00,9388.4000,3
ALH9,18:35:00,9292.6000,3
ALH9,18:35:00,9388.4000,1
ALH9,18:35:00,9771.6000,1
ALH9,18:35:00,9101.0000,1
ALH9,18:36:02,9771.6000,1
ALH9,18:36:02,9196.8000,10
ALH9,18:36:02,9484.2000,2
ALH9,18:36:02,9675.8000,2
ALH9,18:36:02,9675.8000,10
ALH9,18:36:02,10059.0000,2
ALH9,18:36:02,9388.4000,2
ALH9,18:36:02,9101.0000,7
ALH9,18:36:05,9571.0000,2
ALH9,18:36:05,9475.2900,2
ALH9,18:36:05,9858.1300,2
ALH9,18:36:34,9954.8800,2
ALH9,18:37:20,9290.6600,3
ALH9,18:40:12,10050.6000,2
ALH9,18:40:12,9762.4200,22
ALH9,18:41:48,9675.8000,1
ALH9,18:42:20,9493.1100,1
ALH9,18:42:20,9496.0800,1
ALH9,18:42:20,9400.1600,1
ALH9,18:42:20,9976.7200,1
ALH9,19:06:57,10073.7000,3
ALH9,19:07:14,9689.9400,2
ALH9,19:07:30,9114.3000,2
ALH9,19:10:04,9497.0700,1
ALH9,19:10:18,9401.1400,1
ALH9,19:10:18,9594.0000,2
ALH9,19:10:22,9595.0000,1
ALH9,19:10:44,9501.0300,1
ALH9,19:11:21,9692.9700,1
ALH9,19:11:40,9886.9700,1
ALH9,19:11:48,9600.0000,3
ALH9,19:12:02,9792.0000,3
ALH9,19:12:15,10080.0000,1
ALH9,19:12:15,9312.0000,4
ALH9,19:16:54,9599.0000,1
ALH9,19:17:13,9600.0000,1
ALH9,19:29:36,9600.0000,5
ALH9,19:30:41,9207.3600,1
ALH9,19:37:20,9694.9900,1
ALH9,19:37:20,9888.0000,4
ALH9,19:43:03,9120.0000,3
ALH9,19:47:08,9504.0000,2
ALH9,19:56:42,9504.0000,3
ALH9,20:20:38,9120.0000,7
ALH9,20:20:38,10080.0000,2
ALH9,20:20:38,9312.0000,2
ALH9,20:20:38,10080.0000,2
ALH9,20:20:38,9504.0000,3
ALH9,20:20:38,9312.0000,3
ALH9,20:20:38,10080.0000,5
ALH9,20:20:50,9504.0000,1
ALH9,20:46:16,9888.0000,1
ALH9,20:47:51,9404.0800,1
ALH9,21:01:19,9984.0000,23
ALH9,21:01:19,9504.0000,11
ALH9,21:04:52,9307.1500,2
ALH9,21:06:13,9990.2400,1
ALH9,21:06:13,9510.9300,1
ALH9,21:07:26,9799.1400,1
ALH9,21:07:26,9606.0000,3
ALH9,21:09:04,9510.9300,1
ALH9,22:25:59,9610.0000,1
ALH9,23:26:40,9707.1100,1
ALH9,23:27:52,9908.6000,1
ALH9,23:39:24,9333.3400,1
ALH9,23:45:14,9333.3400,1
ALH9,23:45:14,10006.8800,3
ALH9,23:47:44,10103.1000,2
ALH9,23:47:44,9237.1200,2
ALH9,10:00:07,10104.1500,1
ALH9,10:00:43,9132.3500,1
ALH9,10:00:43,9126.6500,1
ALH9,10:00:56,9429.5600,1
ALH9,10:00:56,9526.7700,1
ALH9,10:00:56,9527.7600,2
ALH9,10:01:30,9804.2400,1
ALH9,10:02:51,9997.5200,2
ALH9,10:02:57,9901.3900,2
ALH9,10:02:57,9805.2600,2
ALH9,10:02:57,9324.6100,1
ALH9,10:02:57,10093.6500,1
ALH9,10:02:57,9901.3900,2
ALH9,10:02:57,10093.6500,3
ALH9,10:02:57,10093.6500,1
ALH9,10:02:58,10093.6500,2
ALH9,10:03:42,9429.5600,5
ALH9,10:03:42,9814.4400,2
ALH9,10:03:48,9617.0000,1
ALH9,10:03:48,10097.8500,4
ALH9,10:05:30,9715.1900,2
ALH9,10:05:30,9811.3800,2
ALH9,10:05:31,9227.5200,2
ALH9,10:05:38,9905.5100,2
ALH9,10:05:38,9809.3400,2
ALH9,10:05:39,9905.5100,2
ALH9,10:05:39,9617.0000,2
ALH9,10:05:42,9422.7000,4
ALH9,10:05:44,9230.4000,4
ALH9,10:06:18,9318.7900,1
ALH9,10:06:18,9991.2800,1
ALH9,10:06:18,9126.6500,1
ALH9,10:06:18,9126.6500,1
ALH9,10:06:18,9607.0000,1
ALH9,10:06:24,9601.0000,2
ALH9,10:07:02,9498.0600,1
ALH9,10:07:06,9214.0800,1
ALH9,10:08:47,9977.7600,2
ALH9,10:08:47,9210.2400,2
ALH9,10:08:47,9784.8600,2
ALH9,10:08:47,10071.6000,1
ALH9,10:08:47,9304.2400,1
ALH9,10:08:47,9879.7600,2
ALH9,10:08:47,9208.3200,4
ALH9,10:08:47,10071.6000,6
ALH9,10:09:19,9125.7000,2
ALH9,10:09:19,10087.3500,1
ALH9,10:09:19,9992.3200,3
ALH9,10:09:19,9896.2400,1
ALH9,10:10:04,9415.8400,2
ALH9,10:10:16,9704.0800,1
ALH9,10:10:16,9127.6000,1
ALH9,10:12:54,9698.0200,3
ALH9,10:12:59,9696.0000,3
ALH9,10:13:10,10084.2000,2
ALH9,10:13:10,9219.8400,2
ALH9,10:13:39,9886.9700,4
ALH9,10:14:10,9788.9400,1
ALH9,10:14:10,9980.8800,1
ALH9,10:14:10,9208.3200,1
ALH9,10:14:10,9304.2400,3
ALH9,10:14:10,9304.2400,4
ALH9,10:14:10,9399.1800,2
ALH9,10:14:10,9301.3300,1
ALH9,10:14:10,9397.2200,2
ALH9,10:14:10,9684.8900,6
ALH9,10:14:11,9385.4600,2
ALH9,10:14:11,9481.2300,2
ALH9,10:14:11,9385.4600,2
ALH9,10:14:11,9289.6900,2
ALH9,10:14:11,9768.5400,2
ALH9,10:14:11,9192.9600,1
ALH9,10:14:11,9766.5000,4
ALH9,10:14:11,9766.5000,5
ALH9,10:14:11,9479.2500,1
ALH9,10:14:11,9958.0000,2
ALH9,10:14:11,9381.5400,1
ALH9,10:14:11,10051.6500,1
ALH9,10:14:11,9764.4600,1
ALH9,10:14:11,9094.3500,1
ALH9,10:14:11,9285.8100,1
ALH9,10:14:11,10051.6500,1
ALH9,10:14:11,9859.1600,1
ALH9,10:14:11,9189.1200,2
ALH9,10:14:13,9571.0000,7
ALH9,10:14:13,9571.0000,2
ALH9,10:14:13,9762.4200,2
ALH9,10:14:13,9858.1300,2
ALH9,10:14:13,10049.5500,2
ALH9,10:14:13,9762.4200,1
ALH9,10:14:13,9378.6000,2
ALH9,10:14:13,9761.4000,10
ALH9,10:14:13,9091.5000,2
ALH9,10:14:13,10048.5000,2
ALH9,10:14:13,9952.8000,10
ALH9,10:14:13,9952.8000,10
ALH9,10:14:13,9378.6000,1
ALH9,10:14:13,9378.6000,10
ALH9,10:14:13,9474.3000,1
ALH9,10:14:13,9857.1000,4
ALH9,10:14:13,9570.0000,1
ALH9,10:14:13,9088.6500,1
ALH9,10:14:13,9088.6500,3
ALH9,10:14:14,9082.9500,1
ALH9,10:14:14,9946.5600,2
ALH9,10:14:14,9181.4400,7
ALH9,10:14:14,9851.9500,2
ALH9,10:14:14,10044.3000,1
ALH9,10:14:14,9183.3600,1
ALH9,10:14:15,9471.3300,2
ALH9,10:14:15,9088.6500,2
ALH9,10:14:36,9190.0800,1
ALH9,10:14:54,9568.0000,1
ALH9,10:14:54,9185.2800,1
ALH9,10:15:01,9378.6000,1
ALH9,10:15:02,9952.8000,1
ALH9,10:15:02,9378.6000,3
ALH9,10:15:02,9856.0700,2
ALH9,10:15:03,9765.4800,2
ALH9,10:15:06,9576.0000,1
ALH9,10:15:36,9861.2200,4
ALH9,10:15:53,9288.7200,2
ALH9,10:15:58,9767.5200,1
ALH9,10:15:59,9576.0000,2
ALH9,10:16:25,9680.8500,1
ALH9,10:16:27,9867.4000,2
ALH9,10:17:19,9400.1600,1
ALH9,10:18:56,9601.0000,2
ALH9,10:18:56,9504.9900,2
ALH9,10:18:56,9120.9500,4
ALH9,10:18:56,9504.9900,2
ALH9,10:20:16,10074.7500,1
ALH9,10:21:41,9878.7300,1
ALH9,10:22:03,9102.9000,2
ALH9,10:22:04,9102.9000,1
ALH9,10:22:04,9965.2800,1
ALH9,10:22:04,9965.2800,2
ALH9,10:22:04,9486.1800,2
ALH9,10:22:34,9871.5200,1
ALH9,10:22:51,9489.1500,2
ALH9,10:22:51,9968.4000,2
ALH9,10:22:51,9108.6000,4
ALH9,10:23:39,9883.8800,1
ALH9,10:23:39,9596.0000,1
ALH9,10:23:39,9980.8800,1
ALH9,10:24:01,9309.0900,1
ALH9,10:24:01,9884.9100,1
ALH9,10:24:01,9788.9400,1
ALH9,10:24:01,9309.0900,1
ALH9,10:24:01,9309.0900,1
ALH9,10:24:01,9692.9700,1
ALH9,10:24:01,9405.0600,1
ALH9,10:24:50,9506.9700,2
ALH9,10:24:50,9122.8500,2
ALH9,10:25:08,9989.2000,1
ALH9,10:25:25,9604.0000,1
ALH9,10:25:25,9315.8800,2
ALH9,10:25:25,9796.0800,3
ALH9,10:25:25,10085.2500,1
ALH9,10:25:25,9701.0500,4
ALH9,10:25:25,9318.7900,1
ALH9,10:25:46,9803.2200,2
ALH9,10:26:42,10103.1000,2
ALH9,10:26:42,10097.8500,2
ALH9,10:27:01,9815.4600,1
ALH9,10:27:01,9628.0000,2
ALH9,10:27:01,9918.9000,2
ALH9,10:28:00,9533.7000,7
ALH9,10:28:00,9244.8000,1
ALH9,10:28:02,9826.6800,2
ALH9,10:28:03,9345.9500,4
ALH9,10:28:03,9731.3500,1
ALH9,10:28:03,9924.0500,1
ALH9,10:28:03,10116.7500,1
ALH9,10:28:03,9635.0000,1
ALH9,10:28:04,9925.0800,2
ALH9,10:28:45,9817.5000,2
ALH9,10:28:45,9336.2500,2
ALH9,10:28:45,9336.2500,2
ALH9,10:28:45,9528.7500,4
ALH9,10:29:13,9337.2200,2
ALH9,10:29:14,9525.7800,1
ALH9,10:29:14,9525.7800,1
ALH9,10:30:00,9821.5800,1
ALH9,10:30:30,9823.6200,1
ALH9,10:30:30,9439.3600,3
ALH9,10:30:30,10017.2800,1
ALH9,10:30:30,10017.2800,1
ALH9,10:31:03,9732.3600,2
ALH9,10:31:03,9443.2800,2
ALH9,10:31:03,9636.0000,4
ALH9,10:31:03,10119.9000,1
ALH9,10:31:03,9638.0000,1
ALH9,10:31:03,9252.4800,4
ALH9,10:31:03,9350.8000,2
ALH9,10:33:15,9824.6400,2
ALH9,10:33:15,9439.3600,2
ALH9,10:33:15,9246.7200,3
ALH9,10:33:15,10017.2800,1
ALH9,10:33:55,9343.0400,1
ALH9,10:34:01,9439.3600,1
ALH9,10:36:04,9533.7000,3
ALH9,10:36:16,9531.7200,1
ALH9,10:36:16,9435.4400,1
ALH9,10:36:16,9339.1600,1
ALH9,10:36:16,9628.0000,1
ALH9,10:39:33,10013.1200,2
ALH9,10:49:43,10120.9500,1
ALH9,10:50:02,9157.0500,1
ALH9,10:50:22,9832.8000,1
ALH9,10:50:25,9350.8000,5
ALH9,10:50:25,9158.0000,1
ALH9,10:50:25,9736.4000,1
ALH9,10:50:25,10122.0000,1
ALH9,10:50:25,9350.8000,1
ALH9,10:50:52,9350.8000,1
ALH9,10:50:53,9158.0000,2
ALH9,10:50:53,9543.6000,7
ALH9,10:54:33,9746.5000,1
ALH9,10:54:33,9746.5000,1
ALH9,10:54:38,9940.5300,2
ALH9,10:54:38,9264.9600,2
ALH9,10:54:38,10135.6500,1
ALH9,10:54:38,10039.1200,1
ALH9,10:54:38,9363.4100,1
ALH9,10:54:38,9753.5700,2
ALH9,10:54:38,10141.9500,1
ALH9,10:54:38,9562.4100,1
ALH9,10:55:42,9363.4100,2
ALH9,10:56:53,9260.1600,1
ALH9,10:57:12,9453.0800,1
ALH9,10:58:30,9361.4700,2
ALH9,10:58:31,9265.9200,2
ALH9,10:58:31,9265.9200,2
ALH9,10:58:32,9748.5200,1
ALH9,10:58:32,9940.5300,2
ALH9,10:58:48,10044.3200,1
ALH9,10:59:11,9846.0600,1
ALH9,11:00:03,10129.3500,2
ALH9,11:00:32,9452.1000,3
ALH9,11:00:32,9548.5500,2
ALH9,11:00:32,10127.2500,1
ALH9,11:03:59,9544.5900,1
ALH9,11:04:22,10025.6000,10
ALH9,11:04:22,9447.2000,2
ALH9,11:04:47,9452.1000,1
ALH9,11:05:47,9743.4700,10
ALH9,11:05:47,9741.4500,3
ALH9,11:05:47,9259.2000,1
ALH9,11:05:47,9837.9000,1
ALH9,11:05:47,9741.4500,2
ALH9,11:05:47,9259.2000,1
ALH9,11:05:47,9259.2000,1
ALH9,11:06:33,9168.4500,4
ALH9,11:06:33,9940.5300,3
ALH9,11:07:09,9264.0000,1
ALH9,11:07:28,9266.8800,1
ALH9,11:09:16,10140.9000,1
ALH9,11:09:18,9464.8400,2
ALH9,11:09:18,10136.7000,1
ALH9,11:09:18,9654.0000,1
ALH9,11:09:18,9364.3800,2
ALH9,11:09:18,9846.0600,1
ALH9,11:10:13,9445.2400,1
ALH9,11:10:13,9913.7500,2
ALH9,11:10:17,9526.7700,1
ALH9,11:10:17,9141.8500,1
ALH9,11:10:46,10017.2800,2
ALH9,11:10:49,9251.5200,2
ALH9,11:10:50,9734.3800,1
ALH9,11:14:41,9834.8400,2
ALH9,11:15:46,10028.7200,1
ALH9,11:15:51,10028.7200,1
ALH9,11:16:01,9741.4500,2
ALH9,11:16:09,9839.9400,1
ALH9,11:16:09,9454.0600,1
ALH9,11:16:28,9454.0600,2
ALH9,11:17:03,10128.3000,5
ALH9,11:21:10,10036.0000,2
ALH9,11:21:10,9264.9600,2
ALH9,11:21:10,9554.4900,20
ALH9,11:21:10,9652.0000,10
ALH9,11:22:05,9940.5300,2
ALH9,11:22:05,9554.4900,2
ALH9,11:22:05,10134.6000,10
ALH9,11:22:05,10039.1200,1
ALH9,11:22:05,9459.9400,1
ALH9,11:22:05,9459.9400,1
ALH9,11:22:05,9749.5300,1
ALH9,11:22:05,9267.8400,2
ALH9,11:22:05,9365.3500,1
ALH9,11:23:04,9935.3800,3
ALH9,11:23:04,9356.6200,1
ALH9,11:23:04,10128.3000,2
ALH9,11:23:04,9646.0000,1
ALH9,11:23:04,9838.9200,1
ALH9,11:23:10,9452.1000,1
ALH9,11:23:44,9358.5600,1
ALH9,11:23:44,9744.4800,1
ALH9,11:23:47,10033.9200,18
ALH9,11:24:54,9939.5000,2
ALH9,11:24:54,10036.0000,4
ALH9,11:24:54,10039.1200,1
ALH9,11:24:54,9942.5900,1
ALH9,11:25:00,9648.0000,1
ALH9,11:25:56,9364.3800,1
ALH9,11:26:05,9847.0800,1
ALH9,11:26:05,9654.0000,1
ALH9,11:26:16,9172.2500,1
ALH9,11:26:16,9172.2500,1
ALH9,11:26:16,9655.0000,1
ALH9,11:26:16,9172.2500,1
ALH9,11:26:38,9268.8000,2
ALH9,11:26:38,10137.7500,1
ALH9,11:26:38,9177.0000,1
ALH9,11:26:38,10046.4000,1
ALH9,11:26:38,9468.7600,21
ALH9,11:26:38,9856.2600,2
ALH9,11:26:38,10049.5200,2
ALH9,11:26:49,9952.8900,2
ALH9,11:26:49,9179.8500,10
ALH9,11:28:01,9469.7400,2
ALH9,11:28:01,9278.4000,10
ALH9,11:28:01,9955.9800,2
ALH9,11:28:01,10052.6400,10
ALH9,11:28:01,9860.3400,9
ALH9,11:28:01,10150.3500,2
ALH9,11:28:01,10150.3500,10
ALH9,11:28:01,9861.3600,1
ALH9,11:28:01,9958.0400,20
ALH9,11:28:01,9477.5800,84
ALH9,11:28:46,9470.7200,2
ALH9,11:28:46,9567.3600,2
ALH9,11:28:46,9953.9200,1
ALH9,11:28:46,9374.0800,1
ALH9,11:28:46,9180.8000,1
ALH9,11:29:46,9661.0000,2
ALH9,11:29:46,9564.3900,2
ALH9,11:30:23,9471.7000,1
ALH9,11:30:23,9863.4000,1
ALH9,11:30:24,9568.3500,1
ALH9,11:30:24,9181.7500,1
ALH9,11:30:24,9174.1500,1
ALH9,11:30:24,9174.1500,1
ALH9,11:30:24,10139.8500,2
ALH9,11:30:24,9850.1400,7
ALH9,11:30:24,9657.0000,1
ALH9,11:30:24,9367.2900,20
ALH9,11:30:25,10139.8500,18
ALH9,11:30:26,10139.8500,1
ALH9,11:30:26,9850.1400,1
ALH9,11:30:26,9270.7200,1
ALH9,11:30:26,10043.2800,1
ALH9,11:30:26,9174.1500,1
ALH9,11:30:26,9174.1500,1
ALH9,11:30:26,10044.3200,2
ALH9,11:32:15,9955.9800,1
ALH9,11:34:46,9563.4000,1
ALH9,11:36:59,9370.2000,1
ALH9,11:42:02,9471.7000,1
ALH9,11:42:02,9278.4000,1
ALH9,11:44:38,9571.3200,2
ALH9,11:44:47,9758.6200,2
ALH9,11:47:26,9170.3500,1
ALH9,11:47:26,9942.5900,1
ALH9,11:47:26,9749.5300,2
ALH9,11:47:26,9653.0000,1
ALH9,11:47:27,9459.9400,1
ALH9,11:47:41,9845.0400,1
ALH9,11:47:41,9265.9200,1
ALH9,11:47:41,9845.0400,1
ALH9,11:47:41,9652.0000,1
ALH9,11:47:41,9652.0000,1
ALH9,11:47:41,9652.0000,1
ALH9,11:47:41,9265.9200,2
ALH9,11:47:41,9748.5200,10
ALH9,11:47:41,9652.0000,1
ALH9,11:47:41,9458.9600,1
ALH9,11:47:41,9845.0400,20
ALH9,11:47:41,9652.0000,1
ALH9,11:47:41,9748.5200,9
ALH9,11:47:55,10133.5500,2
ALH9,11:47:55,9457.9800,9
ALH9,11:47:55,9843.0000,2
ALH9,11:47:55,9553.5000,2
ALH9,11:47:55,9746.5000,2
ALH9,11:47:55,10132.5000,2
ALH9,11:47:55,9264.0000,2
ALH9,11:47:55,9457.0000,2
ALH9,11:49:39,9655.0000,2
ALH9,11:49:39,9365.3500,7
ALH9,11:49:39,10137.7500,1
ALH9,11:49:39,9848.1000,1
ALH9,11:49:41,9553.5000,1
ALH9,11:49:41,9457.0000,1
ALH9,11:49:41,9457.0000,1
ALH9,11:51:20,9651.0000,1
ALH9,11:51:20,9457.9800,3
ALH9,11:51:20,9457.9800,2
ALH9,11:51:20,9167.5000,1
ALH9,11:51:20,9650.0000,1
ALH9,11:51:20,9553.5000,1
ALH9,11:51:20,9167.5000,1
ALH9,11:51:20,9167.5000,1
ALH9,11:52:29,9169.4000,7
ALH9,11:52:29,10038.0800,1
ALH9,11:53:14,9847.0800,2
ALH9,11:53:14,9364.3800,2
ALH9,11:53:38,9265.9200,4
ALH9,11:54:17,9558.4500,4
ALH9,11:54:18,9268.8000,4
ALH9,11:54:51,9848.1000,4
ALH9,11:54:51,9172.2500,4
ALH9,11:55:05,9656.0000,2
ALH9,11:55:05,9173.2000,2
ALH9,11:55:12,9459.9400,2
ALH9,11:55:12,10135.6500,1
ALH9,11:55:12,10039.1200,1
ALH9,11:56:03,9841.9800,1
ALH9,11:56:03,9260.1600,1
ALH9,11:56:03,10128.3000,3
ALH9,11:56:03,10030.8000,20
ALH9,11:56:04,9645.0000,10
ALH9,11:56:11,9350.8000,11
ALH9,11:56:11,9640.0000,2
ALH9,11:56:11,10122.0000,37
ALH9,11:56:11,10023.5200,1
ALH9,11:56:26,9146.6000,7
ALH9,11:56:26,9240.9600,2
ALH9,11:56:27,9528.7500,1
ALH9,11:56:27,9721.2500,1
ALH9,11:56:37,9240.0000,1
ALH9,11:56:37,9528.7500,1
ALH9,11:56:37,9815.4600,1
ALH9,11:56:37,9623.0000,1
ALH9,11:56:41,9427.6000,2
ALH9,11:56:42,9126.6500,1
ALH9,11:56:42,9605.0000,2
ALH9,11:56:42,9220.8000,2
ALH9,11:56:42,9988.1600,2
ALH9,11:56:42,10084.2000,5
ALH9,11:56:42,9796.0800,1
ALH9,11:56:42,9700.0400,1
ALH9,11:56:42,10084.2000,2
ALH9,11:56:42,9315.8800,2
ALH9,11:56:42,10084.2000,3
ALH9,11:56:42,9892.1200,1
ALH9,11:56:58,9518.8500,1
ALH9,11:57:12,9219.8400,2
ALH9,11:57:29,9610.0000,2
ALH9,11:57:48,9226.5600,2
ALH9,12:00:18,9698.0200,1
ALH9,12:05:52,9992.3200,2
ALH9,12:08:01,9116.2000,2
ALH9,12:08:01,9786.9000,2
ALH9,12:08:01,9978.8000,1
ALH9,12:08:01,9211.2000,1
ALH9,12:08:01,9403.1000,2
ALH9,12:14:09,9426.6200,1
ALH9,12:14:09,10003.7600,1
ALH9,12:15:16,9623.0000,1
ALH9,12:15:34,9143.7500,2
ALH9,12:16:29,9913.7500,1
ALH9,12:16:29,9528.7500,4
ALH9,12:16:29,9723.2700,1
ALH9,12:16:52,9914.7800,6
ALH9,12:16:52,9240.0000,1
ALH9,12:16:52,9432.5000,2
ALH9,12:16:52,10106.2500,3
ALH9,12:21:45,9927.1400,1
ALH9,12:37:11,9911.6900,1
ALH9,12:39:01,9512.9100,2
ALH9,12:39:01,9801.1800,2
ALH9,12:39:01,9705.0900,6
ALH9,12:42:08,9703.0700,1
ALH9,12:47:26,9911.6900,1
ALH9,12:49:02,9252.4800,1
ALH9,12:49:24,9155.1500,7
ALH9,12:49:24,9444.2600,2
ALH9,12:49:24,9444.2600,1
ALH9,12:49:24,9732.3600,2
ALH9,13:02:51,9649.0000,1
ALH9,13:03:00,9653.0000,1
ALH9,13:10:36,9460.9200,1
ALH9,13:13:06,9947.7400,1
ALH9,13:13:06,9271.6800,1
ALH9,13:13:06,9464.8400,1
ALH9,13:13:06,9851.1600,1
ALH9,13:13:06,9368.2600,1
ALH9,13:13:40,10045.3600,1
ALH9,13:15:31,9755.5900,2
ALH9,13:35:22,9181.7500,2
ALH9,13:35:22,9472.6800,2
ALH9,13:35:22,9955.9800,7
ALH9,13:40:20,10147.2000,1
ALH9,13:40:20,9568.3500,7
ALH9,13:41:59,9369.2300,1
ALH9,13:42:01,9948.7700,1
ALH9,13:42:01,10140.9000,2
ALH9,13:42:01,9559.4400,10
ALH9,13:42:01,9558.4500,12
ALH9,13:44:27,9179.8500,1
ALH9,13:46:20,9668.0000,1
ALH9,13:46:20,9572.3100,1
ALH9,13:46:56,9384.7500,2
ALH9,13:46:56,10062.0000,2
ALH9,13:47:20,9481.5000,6
ALH9,13:47:26,10064.0800,1
ALH9,13:47:26,9386.6900,1
ALH9,13:47:26,9774.7800,2
ALH9,13:47:26,9774.7800,1
ALH9,13:47:56,9489.3400,1
ALH9,13:48:15,9299.5200,1
ALH9,13:49:07,9300.4800,4
ALH9,13:49:54,10080.7200,2
ALH9,13:49:54,9500.1200,2
ALH9,13:49:54,9212.1500,1
ALH9,13:51:29,9684.0000,7
ALH9,13:54:41,9310.0800,1
ALH9,13:54:41,9213.1000,1
ALH9,13:54:55,9215.0000,1
ALH9,13:54:55,9506.0000,1
ALH9,13:54:55,9215.0000,1
ALH9,13:55:03,9502.0800,1
ALH9,13:58:07,9884.8200,1
ALH9,13:59:30,9894.0000,1
ALH9,14:05:02,9586.1700,1
ALH9,14:10:09,10078.6400,1
ALH9,14:10:20,9794.9800,1
ALH9,14:12:49,9218.8000,1
ALH9,14:12:49,10092.1600,1
ALH9,14:12:50,9505.0200,1
ALH9,14:19:37,9412.8800,1
ALH9,14:20:17,9898.0800,2
ALH9,14:20:17,10092.1600,1
ALH9,14:20:17,9315.8400,7
ALH9,14:20:17,9707.0000,2
ALH9,14:20:17,9419.6700,2
ALH9,14:20:17,9615.8700,1
ALH9,14:20:17,9615.8700,2
ALH9,14:20:17,9325.4400,2
ALH9,14:20:17,9424.5200,15
ALH9,14:20:38,9618.8400,2
ALH9,14:20:38,9424.5200,8
ALH9,14:20:38,10007.4800,1
ALH9,14:20:38,9521.6800,1
ALH9,14:21:26,9521.6800,1
ALH9,14:22:24,10104.6400,7
ALH9,14:22:30,9618.8400,2
ALH9,14:22:30,10104.6400,2
ALH9,14:22:52,9424.5200,7
ALH9,14:22:52,9716.0000,1
ALH9,14:22:52,10201.8000,1
ALH9,14:23:20,10104.6400,10
ALH9,14:23:20,10104.6400,2
ALH9,14:23:20,9325.4400,4
ALH9,14:25:09,10102.5600,1
ALH9,14:25:11,9508.9400,1
ALH9,14:25:13,9707.0000,1
ALH9,14:28:55,9222.6000,1
ALH9,14:28:58,10085.9200,1
ALH9,14:28:58,9405.1200,3
ALH9,14:30:52,10101.5200,1
ALH9,14:33:24,9407.0600,1
ALH9,14:33:24,10179.7500,1
ALH9,14:35:37,9409.0000,2
ALH9,14:37:33,9416.7600,1
ALH9,14:37:33,9319.6800,1
ALH9,14:37:33,9904.2000,1
ALH9,14:45:54,9219.7500,10
ALH9,14:45:54,9802.0500,1
ALH9,14:45:54,9316.8000,1
ALH9,14:45:54,10190.2500,1
ALH9,14:47:05,9705.0000,2
ALH9,14:47:05,9219.7500,5
ALH9,14:49:15,9318.7200,1
ALH9,14:49:15,10187.1000,7
ALH9,14:49:26,9414.8200,2
ALH9,14:49:26,10094.2400,1
ALH9,14:49:34,9318.7200,2
ALH9,14:49:52,9416.7600,1
ALH9,14:49:52,10195.5000,2
ALH9,14:49:52,9711.0000,2
ALH9,14:50:30,10198.6500,1
ALH9,14:52:02,9709.0000,1
ALH9,14:52:02,9223.5500,1
ALH9,14:52:02,9514.8200,1
ALH9,14:55:02,9327.3600,1
ALH9,14:57:53,9226.4000,2
ALH9,15:04:45,9323.5200,1
ALH9,15:20:34,9513.8400,1
ALH9,15:25:56,9331.2000,1
ALH9,15:25:57,9818.2100,1
ALH9,15:26:11,9234.9500,9
ALH9,15:26:11,9721.0000,1
ALH9,15:26:16,9429.3700,2
ALH9,15:27:00,9337.9200,2
ALH9,15:27:00,9921.5400,1
ALH9,15:27:00,9436.1600,2
ALH9,15:27:08,10219.6500,2
ALH9,15:27:08,9733.0000,1
ALH9,15:27:09,10219.6500,1
ALH9,15:28:55,9538.3400,2
ALH9,15:28:55,9246.3500,2
ALH9,15:28:55,9343.6800,1
ALH9,15:29:31,10117.1200,1
ALH9,15:30:10,9533.4400,2
ALH9,15:37:14,10011.6000,2
ALH9,15:37:14,10206.0000,1
ALH9,15:37:14,9914.4000,4
ALH9,15:37:14,9720.0000,2
ALH9,15:37:14,9525.6000,2
ALH9,15:37:14,9817.2000,2
ALH9,15:37:14,9622.8000,2
ALH9,15:37:14,9914.4000,2
ALH9,15:37:14,9331.2000,2
ALH9,15:37:14,9622.8000,2
ALH9,15:39:41,9234.9500,1
ALH9,15:41:20,9826.2900,1
ALH9,15:44:53,9722.0000,1
ALH9,15:44:53,10013.6600,2
ALH9,15:44:53,10110.8800,20
ALH9,15:44:53,10207.0500,9
ALH9,15:47:05,10214.4000,1
ALH9,15:47:05,9825.2800,1
ALH9,15:47:14,9533.4400,1
ALH9,15:47:25,9435.1900,10
ALH9,15:47:37,9919.5000,5
ALH9,15:56:07,10218.6000,2
ALH9,15:56:07,9634.6800,2
ALH9,15:56:24,10117.1200,10
ALH9,16:00:06,9345.6000,1
ALH9,16:00:10,9833.3600,1
ALH9,16:00:18,10029.1100,1
ALH9,16:03:03,9935.8200,1
ALH9,16:03:03,9546.1800,2
ALH9,16:03:03,9839.4200,1
ALH9,16:03:03,9452.6500,2
ALH9,16:03:03,9941.9400,4
ALH9,16:05:31,10134.8000,6
ALH9,16:12:08,9742.0000,1
ALH9,16:12:08,9644.5800,1
ALH9,16:12:08,9547.1600,1
ALH9,16:12:08,9352.3200,1
ALH9,16:12:08,9254.9000,1
ALH9,16:12:08,9449.7400,1
ALH9,16:14:21,10217.5500,1
ALH9,16:14:23,10213.3500,1
ALH9,16:15:56,10211.2500,1
ALH9,16:16:02,10211.2500,1
ALH9,16:16:56,10212.3000,2
ALH9,16:16:56,9434.2200,2
ALH9,16:17:13,9431.3100,1
ALH9,16:21:58,9615.8700,1
ALH9,16:21:59,10193.4000,7
ALH9,16:22:00,9224.5000,1
ALH9,16:31:41,10089.0400,1
ALH9,16:31:41,9312.9600,1
ALH9,16:31:42,9798.0100,1
ALH9,16:31:42,9992.0300,2
ALH9,16:31:56,9894.0000,7
ALH9,16:31:56,9894.0000,1
ALH9,16:31:56,9312.0000,1
ALH9,16:31:56,9409.0000,2
ALH9,16:31:56,9215.0000,1
ALH9,16:31:56,9506.0000,2
ALH9,16:31:56,9700.0000,1
ALH9,16:31:56,9700.0000,2
ALH9,16:31:56,9506.0000,1
ALH9,16:33:23,9213.1000,1
ALH9,16:42:36,9810.1300,1
ALH9,16:42:49,9720.0000,1
ALH9,16:45:24,9626.7600,1
ALH9,16:45:24,9722.0000,7
ALH9,16:45:24,9819.2200,1
ALH9,16:45:24,9527.5600,1
ALH9,16:45:24,10208.1000,1
ALH9,16:45:24,9624.7800,1
ALH9,16:45:24,10013.6600,1
ALH9,16:45:24,9235.9000,1
ALH9,16:45:24,9916.4400,2
ALH9,16:48:56,9911.3400,1
ALH9,16:49:03,9328.3200,1
ALH9,16:49:35,9917.4600,1
ALH9,16:49:40,9336.9600,4
ALH9,16:49:40,9434.2200,1
ALH9,16:49:41,9921.5400,1
ALH9,16:51:21,9428.4000,1
ALH9,16:52:23,9811.1400,1
ALH9,16:52:23,10198.6500,1
ALH9,16:52:23,9226.4000,1
ALH9,17:03:46,10102.5600,1
ALH9,17:05:21,9431.3100,1
ALH9,17:05:21,10112.9600,1
ALH9,17:09:12,9617.8500,1
ALH9,17:11:33,9618.8400,2
ALH9,17:11:33,9424.5200,1
ALH9,17:11:48,9328.3200,2
ALH9,17:11:48,9619.8300,2
ALH9,17:11:52,9522.6600,1
ALH9,17:11:52,9620.8200,3
ALH9,17:11:54,10203.9000,4
ALH9,17:11:59,9429.3700,2
ALH9,17:11:59,10109.8400,2
ALH9,17:13:15,9421.6100,2
ALH9,17:13:15,10198.6500,2
ALH9,17:13:24,9222.6000,1
ALH9,17:14:25,9323.5200,4
ALH9,17:15:36,10004.3900,2
ALH9,17:15:36,9325.4400,1
ALH9,17:15:36,10199.7000,1
ALH9,17:16:06,9912.3600,1
ALH9,17:16:06,9623.7900,2
ALH9,17:16:06,9332.1600,1
ALH9,17:16:19,9332.1600,1
ALH9,17:16:19,9915.4200,2
ALH9,17:16:19,9237.8000,1
ALH9,17:25:05,9716.0000,1
