SECID,TRADETIME,PRICE,QUANTITY
MXH9,19:05:00,250175.0000,5
MXH9,19:05:00,242694.0000,2
MXH9,19:05:00,262710.0000,2
MXH9,19:05:00,237690.0000,2
MXH9,19:05:00,242694.0000,2
MXH9,19:05:00,257706.0000,12
MXH9,19:05:00,240168.0000,5
MXH9,19:05:01,237642.5000,1
MXH9,19:05:02,252904.0000,2
MXH9,19:05:02,242888.0000,2
MXH9,19:05:03,252676.7500,3
MXH9,19:05:03,262736.2500,3
MXH9,19:05:03,250225.0000,1
MXH9,19:05:03,257783.2500,1
MXH9,19:05:03,250275.0000,1
MXH9,19:05:03,237761.2500,1
MXH9,19:05:04,255229.5000,1
MXH9,19:05:14,237690.0000,1
MXH9,19:05:14,250200.0000,1
MXH9,19:05:14,237690.0000,2
MXH9,19:05:14,240192.0000,1
MXH9,19:05:15,262710.0000,1
MXH9,19:05:15,252702.0000,1
MXH9,19:05:15,247698.0000,1
MXH9,19:05:15,257706.0000,1
MXH9,19:05:16,252702.0000,1
MXH9,19:05:20,245245.0000,2
MXH9,19:05:20,242742.5000,1
MXH9,19:05:21,257783.2500,2
MXH9,19:05:21,255280.5000,1
MXH9,19:05:21,257783.2500,1
MXH9,19:05:21,255280.5000,3
MXH9,19:05:21,262788.7500,2
MXH9,19:05:21,240264.0000,1
MXH9,19:05:21,242766.7500,3
MXH9,19:05:23,237761.2500,1
MXH9,19:05:23,240264.0000,2
MXH9,19:05:23,262788.7500,1
MXH9,19:05:23,262788.7500,1
MXH9,19:05:24,257731.7500,1
MXH9,19:05:24,252727.2500,1
MXH9,19:05:30,255280.5000,1
MXH9,19:05:30,260312.0000,1
MXH9,19:05:30,257834.7500,2
MXH9,19:05:36,252828.2500,1
MXH9,19:05:36,260364.0000,4
MXH9,19:05:38,237832.5000,2
MXH9,19:05:38,257860.5000,2
MXH9,19:05:38,260364.0000,10
MXH9,19:05:38,245343.0000,2
MXH9,19:05:41,257886.2500,2
MXH9,19:05:42,260442.0000,2
MXH9,19:06:00,245343.0000,1
MXH9,19:06:34,255306.0000,1
MXH9,19:06:52,262841.2500,2
MXH9,19:06:52,240312.0000,3
MXH9,19:06:52,242815.2500,1
MXH9,19:06:52,250325.0000,1
MXH9,19:06:52,260338.0000,1
MXH9,19:06:52,262841.2500,4
MXH9,19:06:52,242815.2500,4
MXH9,19:06:52,257834.7500,1
MXH9,19:06:54,237856.2500,1
MXH9,19:06:54,257886.2500,1
MXH9,19:07:02,257912.0000,1
MXH9,19:07:17,247871.2500,2
MXH9,19:07:17,255382.5000,1
MXH9,19:07:17,240360.0000,1
MXH9,19:07:17,237856.2500,1
MXH9,19:07:17,247920.7500,1
MXH9,19:07:17,262946.2500,1
MXH9,19:07:36,245441.0000,2
MXH9,19:08:00,250325.0000,1
MXH9,19:08:01,240336.0000,1
MXH9,19:08:08,237832.5000,1
MXH9,19:08:29,245392.0000,1
MXH9,19:08:29,257912.0000,2
MXH9,19:08:29,262920.0000,1
MXH9,19:08:52,242912.2500,1
MXH9,19:08:53,257937.7500,2
MXH9,19:08:56,245416.5000,1
MXH9,19:08:58,257937.7500,1
MXH9,19:08:58,245392.0000,1
MXH9,19:09:03,250350.0000,1
MXH9,19:09:18,262893.7500,1
MXH9,19:10:12,257783.2500,1
MXH9,19:10:25,240312.0000,1
MXH9,19:10:35,257834.7500,1
MXH9,19:10:35,245343.0000,1
MXH9,19:10:40,260338.0000,2
MXH9,19:10:40,242815.2500,1
MXH9,19:10:40,250325.0000,1
MXH9,19:10:40,247821.7500,1
MXH9,19:10:40,257809.0000,1
MXH9,19:10:40,245269.5000,1
MXH9,19:10:40,240264.0000,1
MXH9,19:10:59,250250.0000,1
MXH9,19:11:06,240216.0000,1
MXH9,19:11:14,237713.7500,2
MXH9,19:11:14,237690.0000,2
MXH9,19:11:17,252702.0000,2
MXH9,19:11:20,257706.0000,18
MXH9,19:11:34,245196.0000,1
MXH9,19:11:34,242694.0000,1
MXH9,19:11:34,262710.0000,2
MXH9,19:11:34,262710.0000,1
MXH9,19:11:38,237642.5000,1
MXH9,19:11:41,252626.2500,1
MXH9,19:11:41,257628.7500,1
MXH9,19:11:41,255127.5000,2
MXH9,19:11:41,240120.0000,1
MXH9,19:11:41,250125.0000,1
MXH9,19:11:41,262605.0000,4
MXH9,19:11:48,247623.7500,2
MXH9,19:11:48,245122.5000,1
MXH9,19:11:48,250125.0000,1
MXH9,19:11:50,237595.0000,10
MXH9,19:11:50,257603.0000,1
MXH9,19:11:50,242597.0000,1
MXH9,19:11:50,260104.0000,4
MXH9,19:12:01,260104.0000,1
MXH9,19:12:08,247549.5000,1
MXH9,19:12:12,247500.0000,1
MXH9,19:12:12,240000.0000,1
MXH9,19:12:12,247500.0000,2
MXH9,19:12:12,250000.0000,1
MXH9,19:12:12,237500.0000,15
MXH9,19:12:21,257474.2500,1
MXH9,19:12:24,255000.0000,1
MXH9,19:12:29,245000.0000,1
MXH9,19:12:29,255000.0000,1
MXH9,19:12:29,242500.0000,1
MXH9,19:12:33,239952.0000,2
MXH9,19:12:33,254949.0000,1
MXH9,19:12:33,257448.5000,1
MXH9,19:12:33,254949.0000,5
MXH9,19:12:33,244951.0000,1
MXH9,19:12:33,252449.5000,2
MXH9,19:12:36,247425.7500,1
MXH9,19:12:36,244926.5000,1
MXH9,19:12:36,249925.0000,1
MXH9,19:12:42,254949.0000,5
MXH9,19:12:42,262447.5000,1
MXH9,19:12:42,244951.0000,1
MXH9,19:12:46,247450.5000,1
MXH9,19:12:49,239952.0000,5
MXH9,19:12:55,252474.7500,2
MXH9,19:13:24,252474.7500,1
MXH9,19:13:26,252474.7500,3
MXH9,19:13:26,244975.5000,3
MXH9,19:13:26,262473.7500,1
MXH9,19:13:26,244975.5000,1
MXH9,19:13:27,262473.7500,3
MXH9,19:13:28,244975.5000,2
MXH9,19:13:28,254974.5000,2
MXH9,19:13:28,262473.7500,3
MXH9,19:13:30,244975.5000,1
MXH9,19:13:30,257474.2500,1
MXH9,19:13:35,240000.0000,1
MXH9,19:13:44,252500.0000,2
MXH9,19:13:44,249975.0000,1
MXH9,19:13:52,244975.5000,1
MXH9,19:13:52,252474.7500,1
MXH9,19:14:01,257525.7500,1
MXH9,19:14:07,257577.2500,6
MXH9,19:14:07,257577.2500,2
MXH9,19:14:10,245073.5000,2
MXH9,19:14:10,240072.0000,1
MXH9,19:14:19,242548.5000,1
MXH9,19:14:19,257577.2500,6
MXH9,19:14:19,240072.0000,1
MXH9,19:14:19,237571.2500,2
MXH9,19:14:19,242572.7500,1
MXH9,19:14:19,252575.7500,1
MXH9,19:14:19,242572.7500,2
MXH9,19:14:19,260078.0000,1
MXH9,19:14:19,242572.7500,1
MXH9,19:14:19,260078.0000,2
MXH9,19:14:19,240072.0000,1
MXH9,19:14:23,262552.5000,1
MXH9,19:14:46,255102.0000,1
MXH9,19:15:00,260026.0000,1
MXH9,19:15:00,240024.0000,1
MXH9,19:16:30,247574.2500,3
MXH9,19:16:53,262631.2500,1
MXH9,19:17:51,247623.7500,1
MXH9,19:17:51,255127.5000,2
MXH9,19:18:20,240168.0000,3
MXH9,19:18:50,262710.0000,1
MXH9,19:18:50,257706.0000,1
MXH9,19:19:12,252651.5000,3
MXH9,19:19:29,260156.0000,2
MXH9,19:19:29,257654.5000,1
MXH9,19:19:29,247648.5000,1
MXH9,19:19:49,252651.5000,2
MXH9,19:19:50,237666.2500,2
MXH9,19:20:07,250125.0000,2
MXH9,19:20:08,260104.0000,2
MXH9,19:20:17,237571.2500,1
MXH9,19:20:17,245073.5000,1
MXH9,19:20:31,257525.7500,2
MXH9,19:20:31,250025.0000,1
MXH9,19:20:31,260026.0000,1
MXH9,19:20:31,242524.2500,1
MXH9,19:21:03,242548.5000,1
MXH9,19:21:04,247524.7500,1
MXH9,19:21:12,240072.0000,1
MXH9,19:21:12,237571.2500,1
MXH9,19:21:39,237523.7500,1
MXH9,19:23:34,257525.7500,1
MXH9,19:24:00,260026.0000,2
MXH9,19:24:08,242524.2500,1
MXH9,19:24:33,245122.5000,1
MXH9,19:24:40,247549.5000,1
MXH9,19:24:40,257551.5000,1
MXH9,19:24:40,245049.0000,1
MXH9,19:24:40,250050.0000,1
MXH9,19:24:40,242548.5000,1
MXH9,19:24:51,255025.5000,1
MXH9,19:24:51,260026.0000,1
MXH9,19:25:00,257628.7500,2
MXH9,19:25:07,240120.0000,1
MXH9,19:25:07,260156.0000,1
MXH9,19:25:31,260130.0000,3
MXH9,19:25:31,245122.5000,1
MXH9,19:25:31,250125.0000,1
MXH9,19:25:35,262631.2500,1
MXH9,19:25:44,245073.5000,1
MXH9,19:25:44,247574.2500,1
MXH9,19:27:03,252727.2500,1
MXH9,19:27:03,252727.2500,1
MXH9,19:27:03,260260.0000,1
MXH9,19:27:07,247772.2500,1
MXH9,19:27:07,245269.5000,1
MXH9,19:27:08,247772.2500,2
MXH9,19:27:14,240264.0000,1
MXH9,19:27:14,250300.0000,1
MXH9,19:27:14,245294.0000,1
MXH9,19:27:18,242766.7500,3
MXH9,19:27:18,257783.2500,1
MXH9,19:27:18,240264.0000,1
MXH9,19:27:18,255280.5000,1
MXH9,19:27:18,242766.7500,1
MXH9,19:27:18,247772.2500,1
MXH9,19:27:18,252777.7500,1
MXH9,19:27:18,245269.5000,1
MXH9,19:27:21,250275.0000,1
MXH9,19:27:21,257783.2500,1
MXH9,19:27:21,245269.5000,1
MXH9,19:27:21,247772.2500,1
MXH9,19:27:21,255280.5000,1
MXH9,19:27:21,237761.2500,1
MXH9,19:27:21,262788.7500,1
MXH9,19:27:21,262788.7500,2
MXH9,19:27:21,262788.7500,1
MXH9,19:27:24,250325.0000,1
MXH9,19:27:24,247821.7500,1
MXH9,19:27:24,260338.0000,2
MXH9,19:27:24,247821.7500,1
MXH9,19:27:24,260364.0000,7
MXH9,19:27:24,255357.0000,10
MXH9,19:27:27,262815.0000,2
MXH9,19:27:28,247821.7500,2
MXH9,19:27:32,240312.0000,1
MXH9,19:27:32,262841.2500,1
MXH9,19:27:33,255331.5000,2
MXH9,19:27:33,260338.0000,1
MXH9,19:27:33,260338.0000,1
MXH9,19:27:33,247821.7500,1
MXH9,19:27:33,257834.7500,1
MXH9,19:27:33,250325.0000,1
MXH9,19:27:33,240312.0000,1
MXH9,19:27:33,262841.2500,1
MXH9,19:27:33,237808.7500,1
MXH9,19:27:33,242815.2500,1
MXH9,19:27:33,260338.0000,1
MXH9,19:27:33,250325.0000,1
MXH9,19:27:33,240312.0000,1
MXH9,19:27:33,260338.0000,1
MXH9,19:27:33,255331.5000,1
MXH9,19:27:33,257834.7500,1
MXH9,19:27:33,245318.5000,1
MXH9,19:27:33,245318.5000,1
MXH9,19:27:33,257860.5000,1
MXH9,19:27:33,252853.5000,2
MXH9,19:27:33,247846.5000,2
MXH9,19:27:33,247846.5000,2
MXH9,19:27:33,237832.5000,2
MXH9,19:27:33,247846.5000,1
MXH9,19:27:33,240312.0000,1
MXH9,19:27:33,240312.0000,1
MXH9,19:27:33,240336.0000,2
MXH9,19:27:33,242839.5000,1
MXH9,19:27:33,245343.0000,2
MXH9,19:27:33,245343.0000,3
MXH9,19:27:33,250350.0000,1
MXH9,19:27:33,237832.5000,4
MXH9,19:27:33,242839.5000,6
MXH9,19:27:33,245318.5000,1
MXH9,19:27:33,240312.0000,1
MXH9,19:27:33,255331.5000,1
MXH9,19:27:33,245318.5000,1
MXH9,19:27:33,250325.0000,2
MXH9,19:27:33,252828.2500,1
MXH9,19:27:33,262841.2500,1
MXH9,19:27:33,250325.0000,1
MXH9,19:27:33,237808.7500,1
MXH9,19:27:33,252828.2500,1
MXH9,19:27:33,237832.5000,10
MXH9,19:27:33,260364.0000,2
MXH9,19:27:33,255357.0000,2
MXH9,19:27:33,250350.0000,4
MXH9,19:27:58,245343.0000,2
MXH9,19:28:00,252853.5000,1
MXH9,19:28:00,257860.5000,1
MXH9,19:28:00,252853.5000,1
MXH9,19:28:00,250350.0000,1
MXH9,19:28:03,247871.2500,1
MXH9,19:28:03,262893.7500,1
MXH9,19:28:04,247846.5000,1
MXH9,19:28:04,260364.0000,1
MXH9,19:28:14,260390.0000,31
MXH9,19:28:14,242863.7500,5
MXH9,19:28:14,262893.7500,1
MXH9,19:28:14,260390.0000,6
MXH9,19:28:14,245367.5000,2
MXH9,19:28:14,250375.0000,3
MXH9,19:28:14,242863.7500,1
MXH9,19:28:14,255382.5000,4
MXH9,19:28:14,250400.0000,1
MXH9,19:28:14,250400.0000,1
MXH9,19:28:14,242888.0000,1
MXH9,19:28:14,260416.0000,1
MXH9,19:28:14,257912.0000,1
MXH9,19:28:14,245392.0000,1
MXH9,19:28:14,250400.0000,1
MXH9,19:28:14,257912.0000,1
MXH9,19:28:14,237880.0000,1
MXH9,19:28:20,260390.0000,2
MXH9,19:28:55,252929.2500,1
MXH9,19:28:55,245416.5000,1
MXH9,19:29:01,252954.5000,1
MXH9,19:29:01,260468.0000,1
MXH9,19:29:01,237927.5000,1
MXH9,19:29:01,260468.0000,1
MXH9,19:29:01,260494.0000,1
MXH9,19:29:01,250475.0000,2
MXH9,19:29:02,262998.7500,1
MXH9,19:29:02,255484.5000,1
MXH9,19:29:09,260442.0000,2
MXH9,19:29:16,237927.5000,1
MXH9,19:29:16,237927.5000,1
MXH9,19:29:20,242936.5000,1
MXH9,19:29:20,242936.5000,1
MXH9,19:29:25,252954.5000,1
MXH9,19:29:25,247945.5000,1
MXH9,19:29:28,262998.7500,1
MXH9,19:29:30,260442.0000,2
MXH9,19:29:30,242912.2500,3
MXH9,19:29:35,240360.0000,2
MXH9,19:29:35,237856.2500,2
MXH9,19:29:44,240360.0000,1
MXH9,19:31:09,237903.7500,1
MXH9,19:31:10,262946.2500,1
MXH9,19:31:26,242888.0000,1
MXH9,19:32:19,255459.0000,1
MXH9,19:32:19,262972.5000,1
MXH9,19:32:31,257834.7500,2
MXH9,19:34:01,242912.2500,1
MXH9,19:34:17,245392.0000,1
MXH9,19:34:28,255382.5000,1
MXH9,19:34:29,250400.0000,1
MXH9,19:34:44,242863.7500,1
MXH9,19:35:13,255408.0000,1
MXH9,19:37:25,260468.0000,2
MXH9,19:37:25,240432.0000,1
MXH9,19:37:25,242912.2500,2
MXH9,19:37:25,255433.5000,1
MXH9,19:37:25,247920.7500,2
MXH9,19:37:25,255433.5000,2
MXH9,19:37:42,245416.5000,1
MXH9,19:38:27,255459.0000,2
MXH9,19:39:43,247970.2500,1
MXH9,19:40:03,263025.0000,6
MXH9,19:40:03,250500.0000,2
MXH9,19:40:03,260520.0000,2
MXH9,19:40:06,260520.0000,8
MXH9,19:40:06,245490.0000,2
MXH9,19:40:06,247995.0000,1
MXH9,19:40:06,242985.0000,5
MXH9,19:40:06,260520.0000,12
MXH9,19:40:06,247995.0000,1
MXH9,19:40:21,263051.2500,1
MXH9,19:40:22,248044.5000,1
MXH9,19:40:22,248044.5000,1
MXH9,19:40:22,250550.0000,2
MXH9,19:40:22,240528.0000,2
MXH9,19:40:22,240528.0000,1
MXH9,19:40:22,243033.5000,1
MXH9,19:40:22,248069.2500,2
MXH9,19:40:22,243057.7500,3
MXH9,19:40:22,238046.2500,1
MXH9,19:40:22,243057.7500,1
MXH9,19:40:22,238046.2500,1
MXH9,19:40:22,253080.7500,1
MXH9,19:40:22,245563.5000,1
MXH9,19:40:22,255586.5000,1
MXH9,19:40:22,253106.0000,1
MXH9,19:40:22,253106.0000,10
MXH9,19:40:22,258118.0000,1
MXH9,19:40:23,253080.7500,1
MXH9,19:40:28,260546.0000,1
MXH9,19:40:28,243009.2500,4
MXH9,19:40:28,248019.7500,1
MXH9,19:40:28,260546.0000,1
MXH9,19:40:28,243009.2500,1
MXH9,19:40:36,245490.0000,2
MXH9,19:40:50,242960.7500,1
MXH9,19:40:50,245465.5000,1
MXH9,19:40:50,257989.2500,1
MXH9,19:40:50,247970.2500,1
MXH9,19:40:50,240456.0000,1
MXH9,19:40:50,240456.0000,1
MXH9,19:41:51,247920.7500,5
MXH9,19:41:51,245416.5000,3
MXH9,19:43:08,245539.0000,2
MXH9,19:43:08,243033.5000,4
MXH9,19:43:08,243033.5000,1
MXH9,19:43:08,260572.0000,1
MXH9,19:43:08,255561.0000,1
MXH9,19:43:08,240528.0000,1
MXH9,19:43:37,263025.0000,1
MXH9,19:43:37,258015.0000,3
MXH9,19:43:37,263025.0000,1
MXH9,19:45:19,247995.0000,1
MXH9,19:45:19,253005.0000,5
MXH9,19:45:19,253005.0000,1
MXH9,19:45:19,255510.0000,1
MXH9,19:45:19,250500.0000,1
MXH9,19:45:19,263025.0000,1
MXH9,19:45:19,245490.0000,6
MXH9,19:45:36,237951.2500,1
MXH9,19:45:36,237951.2500,2
MXH9,19:45:36,262998.7500,2
MXH9,19:45:36,252979.7500,1
MXH9,19:45:36,252979.7500,2
MXH9,19:45:38,260494.0000,1
MXH9,19:45:38,237951.2500,1
MXH9,19:46:04,237975.0000,1
MXH9,19:46:22,252979.7500,1
MXH9,19:46:22,242960.7500,1
MXH9,19:46:22,252979.7500,1
MXH9,19:47:09,247945.5000,1
MXH9,19:47:09,257963.5000,1
MXH9,19:47:09,242936.5000,8
MXH9,19:48:19,237975.0000,1
MXH9,19:48:22,242960.7500,3
MXH9,19:48:51,247970.2500,1
MXH9,19:48:51,242960.7500,1
MXH9,19:48:58,242985.0000,2
MXH9,19:49:15,258040.7500,1
MXH9,19:49:15,258040.7500,1
MXH9,19:49:45,243057.7500,1
MXH9,19:49:45,255586.5000,2
MXH9,19:49:45,250575.0000,2
MXH9,19:49:45,253106.0000,17
MXH9,19:49:45,238070.0000,2
MXH9,19:49:45,253106.0000,3
MXH9,19:49:45,253131.2500,1
MXH9,19:49:45,253156.5000,3
MXH9,19:49:45,255663.0000,1
MXH9,19:49:45,243130.5000,2
MXH9,19:49:45,248143.5000,3
MXH9,19:49:45,238141.2500,1
MXH9,19:49:45,245661.5000,9
MXH9,19:49:45,263208.7500,1
MXH9,19:49:45,250625.0000,1
MXH9,19:49:45,250625.0000,3
MXH9,19:49:45,245612.5000,1
MXH9,19:49:45,238117.5000,2
MXH9,19:49:45,260676.0000,1
MXH9,19:49:45,253156.5000,1
MXH9,19:49:46,258195.2500,1
MXH9,19:49:46,248193.0000,1
MXH9,19:49:46,253207.0000,4
MXH9,19:49:46,238165.0000,6
MXH9,19:49:51,248193.0000,6
MXH9,19:49:51,238165.0000,2
MXH9,19:49:59,258169.5000,1
MXH9,19:50:04,245686.0000,1
MXH9,19:50:04,238165.0000,3
MXH9,19:50:06,240672.0000,1
MXH9,19:50:10,250725.0000,2
MXH9,19:50:13,260780.0000,2
MXH9,19:50:13,243227.5000,1
MXH9,19:50:13,263287.5000,2
MXH9,19:50:15,250775.0000,1
MXH9,19:50:15,243251.7500,1
MXH9,19:50:15,243276.0000,2
MXH9,19:50:15,255816.0000,3
MXH9,19:50:15,260832.0000,17
MXH9,19:50:16,238236.2500,2
MXH9,19:50:16,263313.7500,2
MXH9,19:50:16,248267.2500,3
MXH9,19:50:16,255790.5000,1
MXH9,19:50:16,248292.0000,1
MXH9,19:50:16,250800.0000,1
MXH9,19:50:16,255816.0000,1
MXH9,19:50:16,250800.0000,1
MXH9,19:50:16,250800.0000,2
MXH9,19:50:16,260832.0000,1
MXH9,19:50:16,238260.0000,2
MXH9,19:50:16,250800.0000,2
MXH9,19:50:16,243276.0000,1
MXH9,19:50:16,258324.0000,1
MXH9,19:50:28,250800.0000,1
MXH9,19:50:28,255816.0000,1
MXH9,19:50:30,245784.0000,1
MXH9,19:50:31,248316.7500,2
MXH9,19:50:31,260858.0000,2
MXH9,19:50:31,240792.0000,1
MXH9,19:50:31,253333.2500,1
MXH9,19:50:31,238283.7500,1
MXH9,19:50:31,248316.7500,3
MXH9,19:50:31,258349.7500,1
MXH9,19:50:31,240792.0000,1
MXH9,19:50:33,250850.0000,5
MXH9,19:50:33,240816.0000,1
MXH9,19:50:33,258375.5000,1
MXH9,19:50:36,238283.7500,2
MXH9,19:50:40,243324.5000,1
MXH9,19:50:40,253358.5000,1
MXH9,19:50:43,248341.5000,1
MXH9,19:50:43,250850.0000,4
MXH9,19:50:43,255867.0000,1
MXH9,19:50:43,245833.0000,1
MXH9,19:50:43,253358.5000,1
MXH9,19:50:43,250850.0000,1
MXH9,19:50:43,243324.5000,1
MXH9,19:50:43,248341.5000,1
MXH9,19:50:43,245833.0000,1
MXH9,19:50:46,240816.0000,2
MXH9,19:50:46,238307.5000,1
MXH9,19:50:47,243348.7500,1
MXH9,19:50:47,260910.0000,4
MXH9,19:50:47,245857.5000,2
MXH9,19:50:47,263418.7500,2
MXH9,19:50:47,243348.7500,1
MXH9,19:50:47,238331.2500,1
MXH9,19:50:47,263418.7500,1
MXH9,19:50:47,243348.7500,1
MXH9,19:51:04,243276.0000,1
MXH9,19:51:05,240768.0000,2
MXH9,19:51:05,255816.0000,2
MXH9,19:51:05,260832.0000,1
MXH9,19:51:09,260806.0000,1
MXH9,19:51:09,253282.7500,1
MXH9,19:51:19,248242.5000,1
MXH9,19:51:19,250750.0000,1
MXH9,19:51:19,253232.2500,1
MXH9,19:51:25,250725.0000,2
MXH9,19:51:25,245710.5000,8
MXH9,19:52:20,250625.0000,1
MXH9,19:52:21,243106.2500,1
MXH9,19:53:55,248193.0000,1
MXH9,19:54:29,248193.0000,1
MXH9,19:54:43,253156.5000,2
MXH9,19:54:43,240624.0000,1
MXH9,19:54:43,240624.0000,2
MXH9,19:55:23,250700.0000,1
MXH9,19:55:23,240672.0000,1
MXH9,19:56:00,248143.5000,5
MXH9,19:56:43,243106.2500,2
MXH9,19:56:54,258143.7500,3
MXH9,19:56:54,253131.2500,3
MXH9,19:56:54,263156.2500,1
MXH9,19:57:44,253131.2500,1
MXH9,19:57:44,263156.2500,1
MXH9,19:57:58,258143.7500,1
MXH9,19:57:58,243106.2500,1
MXH9,19:57:58,263156.2500,1
MXH9,19:58:08,245612.5000,2
MXH9,19:58:08,253131.2500,3
MXH9,19:58:15,238070.0000,2
MXH9,19:58:15,255612.0000,1
MXH9,19:58:20,243082.0000,2
MXH9,19:58:23,248094.0000,1
MXH9,19:58:23,253106.0000,1
MXH9,19:58:30,263156.2500,1
MXH9,19:58:48,253106.0000,1
MXH9,19:59:01,253131.2500,1
MXH9,19:59:26,238070.0000,1
MXH9,20:00:01,255612.0000,1
MXH9,20:00:01,243082.0000,1
MXH9,20:00:01,255612.0000,2
MXH9,20:00:01,250600.0000,2
MXH9,20:00:01,263130.0000,2
MXH9,20:00:01,263130.0000,1
MXH9,20:00:01,255612.0000,1
MXH9,20:00:01,263130.0000,3
MXH9,20:00:01,248118.7500,1
MXH9,20:00:05,260624.0000,5
MXH9,20:00:05,253106.0000,1
MXH9,20:00:05,255612.0000,2
MXH9,20:00:05,245588.0000,1
MXH9,20:00:05,258118.0000,1
MXH9,20:00:05,248094.0000,1
MXH9,20:00:05,260624.0000,1
MXH9,20:00:11,245612.5000,5
MXH9,20:00:23,248094.0000,2
MXH9,20:00:23,253106.0000,2
MXH9,20:00:23,258118.0000,1
MXH9,20:00:45,238046.2500,1
MXH9,20:00:45,250575.0000,1
MXH9,20:00:45,258092.2500,2
MXH9,20:00:45,248069.2500,1
MXH9,20:00:52,255586.5000,2
MXH9,20:00:52,253080.7500,1
MXH9,20:01:11,258092.2500,1
MXH9,20:01:22,263077.5000,1
MXH9,20:01:30,243057.7500,1
MXH9,20:01:30,258092.2500,1
MXH9,20:01:32,255561.0000,1
MXH9,20:01:33,238022.5000,1
MXH9,20:01:33,263103.7500,1
MXH9,20:01:50,263103.7500,1
MXH9,20:02:11,243033.5000,1
MXH9,20:02:11,255561.0000,1
MXH9,20:02:11,240528.0000,2
MXH9,20:02:11,240528.0000,2
MXH9,20:02:11,258066.5000,2
MXH9,20:02:11,238022.5000,1
MXH9,20:02:11,250550.0000,2
MXH9,20:02:11,248044.5000,1
MXH9,20:02:11,248044.5000,2
MXH9,20:02:12,263077.5000,1
MXH9,20:02:12,245539.0000,10
MXH9,20:02:12,243033.5000,1
MXH9,20:02:12,238022.5000,1
MXH9,20:02:12,263077.5000,2
MXH9,20:02:12,248044.5000,1
MXH9,20:02:12,240528.0000,2
MXH9,20:02:12,243033.5000,2
MXH9,20:02:15,248019.7500,1
MXH9,20:02:15,237975.0000,1
MXH9,20:02:15,258015.0000,1
MXH9,20:02:26,253055.5000,1
MXH9,20:02:26,243033.5000,1
MXH9,20:02:26,243033.5000,1
MXH9,20:02:31,248069.2500,1
MXH9,20:02:54,248069.2500,1
MXH9,20:02:54,263103.7500,1
MXH9,20:02:55,240552.0000,1
MXH9,20:03:00,245563.5000,1
MXH9,20:03:55,258092.2500,1
MXH9,20:03:55,258092.2500,1
MXH9,20:03:55,245563.5000,1
MXH9,20:03:55,255586.5000,2
MXH9,20:03:55,263103.7500,2
MXH9,20:03:55,250575.0000,3
MXH9,20:04:14,248118.7500,1
MXH9,20:05:38,240528.0000,1
MXH9,20:05:45,240504.0000,1
MXH9,20:05:58,263077.5000,2
MXH9,20:06:07,240480.0000,1
MXH9,20:06:07,255510.0000,1
MXH9,20:06:36,255484.5000,1
MXH9,20:08:25,240456.0000,2
MXH9,20:09:00,240456.0000,1
MXH9,20:10:46,242960.7500,1
MXH9,20:11:22,240480.0000,1
MXH9,20:11:22,250500.0000,1
MXH9,20:11:22,255510.0000,1
MXH9,20:11:22,245490.0000,3
MXH9,20:11:22,258040.7500,2
MXH9,20:11:40,255510.0000,1
MXH9,20:11:40,240480.0000,1
MXH9,20:11:58,243009.2500,1
MXH9,20:11:58,245514.5000,1
MXH9,20:13:39,240504.0000,1
MXH9,20:13:39,248019.7500,4
MXH9,20:13:59,240504.0000,1
MXH9,20:14:13,247995.0000,1
MXH9,20:14:15,240456.0000,1
MXH9,20:14:15,247970.2500,1
MXH9,20:14:15,255459.0000,1
MXH9,20:15:04,255484.5000,1
MXH9,20:15:21,245490.0000,1
MXH9,20:15:21,250500.0000,1
MXH9,20:15:21,258015.0000,1
MXH9,20:15:21,255510.0000,1
MXH9,20:15:21,255510.0000,1
MXH9,20:15:46,250550.0000,2
MXH9,20:16:03,243106.2500,1
MXH9,20:16:03,250625.0000,1
MXH9,20:16:03,238093.7500,1
MXH9,20:16:03,240600.0000,1
MXH9,20:16:34,263103.7500,2
MXH9,20:16:34,250575.0000,1
MXH9,20:16:34,238046.2500,1
MXH9,20:17:32,260546.0000,2
MXH9,20:18:41,258066.5000,1
MXH9,20:18:41,250550.0000,1
MXH9,20:18:41,238022.5000,2
MXH9,20:18:41,260572.0000,5
MXH9,20:18:41,260572.0000,1
MXH9,20:18:41,255561.0000,1
MXH9,20:18:41,243033.5000,1
MXH9,20:18:41,240528.0000,1
MXH9,20:18:41,240528.0000,1
MXH9,20:19:03,263103.7500,1
MXH9,20:19:03,258092.2500,1
MXH9,20:19:47,245539.0000,4
MXH9,20:19:59,250525.0000,2
MXH9,20:20:35,245490.0000,1
MXH9,20:20:35,263025.0000,5
MXH9,20:20:35,260520.0000,2
MXH9,20:20:35,242985.0000,2
MXH9,20:20:35,258015.0000,2
MXH9,20:20:35,255510.0000,1
MXH9,20:20:35,247995.0000,4
MXH9,20:20:35,253005.0000,1
MXH9,20:20:35,253005.0000,1
MXH9,20:20:35,260494.0000,1
MXH9,20:20:35,250475.0000,1
MXH9,20:20:44,258015.0000,1
MXH9,20:20:44,255510.0000,1
MXH9,20:21:20,260494.0000,3
MXH9,20:22:18,260520.0000,4
MXH9,20:22:18,247995.0000,4
MXH9,20:23:47,237951.2500,1
MXH9,20:23:48,240456.0000,1
MXH9,20:23:50,237927.5000,1
MXH9,20:24:30,262998.7500,2
MXH9,20:24:30,245465.5000,1
MXH9,20:25:31,247995.0000,1
MXH9,20:25:31,255510.0000,1
MXH9,20:25:42,263051.2500,2
MXH9,20:26:40,263051.2500,1
MXH9,20:27:17,250525.0000,1
MXH9,20:27:22,248044.5000,1
MXH9,20:27:22,253055.5000,2
MXH9,20:27:22,250550.0000,2
MXH9,20:27:22,243033.5000,1
MXH9,20:27:22,258066.5000,2
MXH9,20:27:22,263077.5000,2
MXH9,20:27:22,250550.0000,1
MXH9,20:27:22,245539.0000,1
MXH9,20:27:22,243033.5000,1
MXH9,20:27:22,255561.0000,2
MXH9,20:27:22,238022.5000,1
MXH9,20:27:22,250550.0000,1
MXH9,20:27:22,253055.5000,2
MXH9,20:27:22,238022.5000,2
MXH9,20:27:22,250550.0000,1
MXH9,20:27:23,240528.0000,1
MXH9,20:27:23,253055.5000,4
MXH9,20:27:27,260572.0000,2
MXH9,20:27:27,238022.5000,1
MXH9,20:27:38,250575.0000,1
MXH9,20:28:19,253030.2500,2
MXH9,20:28:19,240504.0000,1
MXH9,20:28:19,260546.0000,1
MXH9,20:28:29,248019.7500,1
MXH9,20:28:29,253030.2500,1
MXH9,20:29:07,263103.7500,2
MXH9,20:29:08,255586.5000,1
MXH9,20:29:08,263103.7500,1
MXH9,20:29:10,243057.7500,1
MXH9,20:30:00,248094.0000,1
MXH9,20:30:00,263130.0000,2
MXH9,20:30:00,245588.0000,2
MXH9,20:30:00,243082.0000,2
MXH9,20:30:00,243082.0000,1
MXH9,20:30:00,240576.0000,1
MXH9,20:30:00,243082.0000,1
MXH9,20:30:00,263130.0000,11
MXH9,20:30:07,263077.5000,1
MXH9,20:30:07,258066.5000,1
MXH9,20:30:10,248094.0000,1
MXH9,20:30:10,243082.0000,1
MXH9,20:31:25,243057.7500,1
MXH9,20:31:25,263103.7500,1
MXH9,20:31:37,250575.0000,1
MXH9,20:31:46,238070.0000,2
MXH9,20:31:46,255612.0000,4
MXH9,20:31:46,260624.0000,2
MXH9,20:32:00,258092.2500,1
MXH9,20:32:00,243057.7500,1
MXH9,20:32:00,260598.0000,1
MXH9,20:32:08,240552.0000,1
MXH9,20:32:08,238046.2500,1
MXH9,20:32:09,263130.0000,2
MXH9,20:32:09,258118.0000,1
MXH9,20:32:10,245588.0000,1
MXH9,20:32:10,258118.0000,2
MXH9,20:32:11,258092.2500,1
MXH9,20:32:11,245563.5000,1
MXH9,20:32:15,253080.7500,2
MXH9,20:32:15,258092.2500,2
MXH9,20:32:15,263103.7500,1
MXH9,20:32:15,263103.7500,2
MXH9,20:32:15,260598.0000,3
MXH9,20:32:20,245588.0000,6
MXH9,20:32:20,243082.0000,2
MXH9,20:32:20,245588.0000,1
MXH9,20:32:20,260624.0000,2
MXH9,20:32:20,253106.0000,2
MXH9,20:32:20,245588.0000,1
MXH9,20:32:20,253106.0000,3
MXH9,20:32:20,250600.0000,2
MXH9,20:32:20,253106.0000,1
MXH9,20:32:29,238070.0000,2
MXH9,20:32:29,263130.0000,1
MXH9,20:32:32,263182.5000,1
MXH9,20:32:32,260676.0000,1
MXH9,20:32:49,245661.5000,1
MXH9,20:32:49,260702.0000,1
MXH9,20:33:17,243130.5000,1
MXH9,20:33:17,263182.5000,1
MXH9,20:34:58,255586.5000,1
MXH9,20:35:29,250575.0000,1
MXH9,20:35:29,250575.0000,1
MXH9,20:35:33,253080.7500,1
MXH9,20:35:33,250575.0000,2
MXH9,20:35:34,237998.7500,1
MXH9,20:35:34,237998.7500,2
MXH9,20:35:34,240504.0000,1
MXH9,20:36:00,255561.0000,1
MXH9,20:36:21,263025.0000,5
MXH9,20:36:21,263025.0000,1
MXH9,20:36:21,260520.0000,1
MXH9,20:36:21,242985.0000,2
MXH9,20:36:21,250500.0000,2
MXH9,20:36:21,242985.0000,2
MXH9,20:36:21,240480.0000,2
MXH9,20:36:21,250500.0000,2
MXH9,20:36:21,263025.0000,1
MXH9,20:36:41,255535.5000,1
MXH9,20:36:44,237998.7500,3
MXH9,20:36:44,253030.2500,2
MXH9,20:37:24,237927.5000,2
MXH9,20:37:43,262972.5000,1
MXH9,20:37:49,255459.0000,1
MXH9,20:37:49,245441.0000,1
MXH9,20:37:49,245441.0000,2
MXH9,20:37:51,240408.0000,1
MXH9,20:38:33,237927.5000,1
MXH9,20:38:33,252954.5000,2
MXH9,20:39:03,255459.0000,2
MXH9,20:39:10,240432.0000,1
MXH9,20:39:10,250450.0000,1
MXH9,20:50:53,240456.0000,1
MXH9,20:52:13,260546.0000,1
MXH9,20:52:13,248019.7500,1
MXH9,20:52:13,263051.2500,1
MXH9,20:52:13,260546.0000,1
MXH9,20:52:13,260546.0000,1
MXH9,20:52:13,258040.7500,2
MXH9,20:52:13,253030.2500,3
MXH9,20:52:13,237998.7500,1
MXH9,20:52:13,237998.7500,1
MXH9,20:55:22,253005.0000,1
MXH9,20:55:38,263025.0000,1
MXH9,20:56:15,252979.7500,2
MXH9,20:56:47,252979.7500,2
MXH9,20:56:47,237951.2500,1
MXH9,20:56:47,247970.2500,2
MXH9,20:56:47,260494.0000,2
MXH9,20:56:47,242960.7500,1
MXH9,20:56:47,240432.0000,2
MXH9,20:56:47,262972.5000,1
MXH9,20:56:47,240432.0000,1
MXH9,20:56:47,255459.0000,2
MXH9,20:56:47,242936.5000,1
MXH9,20:56:47,242936.5000,2
MXH9,20:56:47,240432.0000,1
MXH9,20:56:47,262946.2500,1
MXH9,20:56:47,237903.7500,1
MXH9,20:56:47,257937.7500,1
MXH9,20:56:47,257937.7500,1
MXH9,20:56:47,237903.7500,1
MXH9,20:56:47,240408.0000,2
MXH9,20:56:47,240408.0000,1
MXH9,20:56:47,252929.2500,1
MXH9,20:56:47,252929.2500,2
MXH9,20:56:47,255433.5000,2
MXH9,20:56:47,240408.0000,1
MXH9,20:56:47,245416.5000,1
MXH9,20:56:47,242912.2500,1
MXH9,20:56:47,257937.7500,1
MXH9,20:56:47,262920.0000,9
MXH9,20:56:47,262946.2500,1
MXH9,20:56:47,240408.0000,1
MXH9,20:56:47,260442.0000,1
MXH9,20:56:47,262946.2500,1
MXH9,20:56:47,257937.7500,1
MXH9,20:56:47,242912.2500,1
MXH9,20:56:47,242912.2500,2
MXH9,20:56:47,255408.0000,1
MXH9,20:56:47,245392.0000,1
MXH9,20:56:47,247896.0000,2
MXH9,20:56:47,242888.0000,3
MXH9,20:56:47,242888.0000,1
MXH9,20:56:47,262946.2500,1
MXH9,20:56:47,255433.5000,1
MXH9,20:56:47,255433.5000,1
MXH9,20:56:47,237903.7500,1
MXH9,20:56:47,255433.5000,1
MXH9,20:57:43,237975.0000,1
MXH9,20:59:38,240480.0000,2
MXH9,20:59:38,263025.0000,1
MXH9,20:59:52,253030.2500,3
MXH9,21:00:01,252954.5000,2
MXH9,21:00:01,242936.5000,3
MXH9,21:00:01,260468.0000,1
MXH9,21:00:07,237927.5000,1
MXH9,21:00:13,263025.0000,3
MXH9,21:00:13,237975.0000,2
MXH9,21:00:47,252979.7500,1
MXH9,21:01:48,253030.2500,1
MXH9,21:01:54,263051.2500,2
MXH9,21:01:54,253055.5000,1
MXH9,21:01:54,260572.0000,1
MXH9,21:03:13,245465.5000,1
MXH9,21:03:13,247970.2500,1
MXH9,21:03:13,260494.0000,1
MXH9,21:03:45,242912.2500,1
MXH9,21:04:01,245416.5000,1
MXH9,21:04:03,260390.0000,1
MXH9,21:04:04,262893.7500,1
MXH9,21:04:09,237856.2500,1
MXH9,21:04:38,240408.0000,1
MXH9,21:04:38,240408.0000,1
MXH9,21:05:18,252954.5000,5
MXH9,21:06:06,257989.2500,3
MXH9,21:06:06,237951.2500,2
MXH9,21:06:41,252929.2500,3
MXH9,21:06:41,245416.5000,1
MXH9,21:06:41,255433.5000,2
MXH9,21:06:41,260442.0000,2
MXH9,21:06:41,237903.7500,1
MXH9,21:06:41,255433.5000,1
MXH9,21:06:55,247970.2500,1
MXH9,21:06:55,262998.7500,1
MXH9,21:06:55,242960.7500,1
MXH9,21:06:59,263025.0000,1
MXH9,21:06:59,237975.0000,1
MXH9,21:07:00,255535.5000,3
MXH9,21:07:09,237951.2500,1
MXH9,21:07:30,262998.7500,1
MXH9,21:07:30,240480.0000,3
MXH9,21:07:30,250500.0000,2
MXH9,21:08:21,242985.0000,3
MXH9,21:08:21,263025.0000,2
MXH9,21:08:45,260494.0000,1
MXH9,21:09:28,258040.7500,2
MXH9,21:09:28,253030.2500,1
MXH9,21:09:34,258040.7500,2
MXH9,21:09:34,240504.0000,1
MXH9,21:09:34,253030.2500,1
MXH9,21:09:34,253030.2500,1
MXH9,21:09:44,250550.0000,1
MXH9,21:09:44,260572.0000,1
MXH9,21:10:37,262972.5000,2
MXH9,21:10:37,252954.5000,1
MXH9,21:10:53,260442.0000,1
MXH9,21:10:53,260442.0000,2
MXH9,21:10:53,237903.7500,1
MXH9,21:10:53,252929.2500,3
MXH9,21:10:53,260442.0000,2
MXH9,21:10:53,257937.7500,1
MXH9,21:10:53,262946.2500,1
MXH9,21:10:53,260442.0000,1
MXH9,21:10:53,262946.2500,1
MXH9,21:10:53,255433.5000,33
MXH9,21:10:53,237903.7500,1
MXH9,21:10:53,260442.0000,2
MXH9,21:10:53,255433.5000,1
MXH9,21:10:53,237903.7500,8
MXH9,21:10:53,247920.7500,2
MXH9,21:10:53,257937.7500,3
MXH9,21:10:53,252929.2500,3
MXH9,21:10:53,240408.0000,2
MXH9,21:10:53,255433.5000,1
MXH9,21:10:53,240408.0000,2
MXH9,21:10:53,262946.2500,2
MXH9,21:10:58,260442.0000,1
MXH9,21:10:58,250425.0000,6
MXH9,21:10:58,240408.0000,1
MXH9,21:10:58,247920.7500,2
MXH9,21:10:58,242912.2500,2
MXH9,21:11:02,262946.2500,5
MXH9,21:11:02,242912.2500,1
MXH9,21:11:05,252929.2500,2
MXH9,21:11:05,260442.0000,1
MXH9,21:11:09,255433.5000,1
MXH9,21:11:09,257937.7500,5
MXH9,21:11:14,240408.0000,1
MXH9,21:11:17,250450.0000,2
MXH9,21:11:21,252979.7500,2
MXH9,21:11:21,255484.5000,1
MXH9,21:12:09,237903.7500,1
MXH9,21:12:11,245392.0000,1
MXH9,21:12:11,252878.7500,1
MXH9,21:12:11,255382.5000,1
MXH9,21:12:21,260416.0000,2
MXH9,21:12:21,247896.0000,1
MXH9,21:12:21,240384.0000,1
MXH9,21:12:26,237856.2500,2
MXH9,21:12:26,262893.7500,1
MXH9,21:12:26,237856.2500,2
MXH9,21:12:26,260390.0000,1
MXH9,21:12:26,242863.7500,3
MXH9,21:12:26,237856.2500,1
MXH9,21:12:28,257886.2500,1
MXH9,21:12:28,247871.2500,1
MXH9,21:12:36,245367.5000,2
MXH9,21:12:36,245343.0000,2
MXH9,21:12:36,240336.0000,1
MXH9,21:12:36,262867.5000,5
MXH9,21:12:43,252878.7500,1
MXH9,21:12:43,245367.5000,1
MXH9,21:12:43,240360.0000,1
MXH9,21:13:30,260442.0000,1
MXH9,21:13:30,240408.0000,2
MXH9,21:13:37,240408.0000,2
MXH9,21:14:57,255459.0000,2
MXH9,21:14:58,250425.0000,1
MXH9,21:14:58,250425.0000,1
MXH9,21:14:58,260442.0000,1
MXH9,21:14:58,260442.0000,1
MXH9,21:14:58,257937.7500,1
MXH9,21:14:58,237903.7500,2
MXH9,21:14:58,260442.0000,1
MXH9,21:16:07,245416.5000,2
MXH9,21:16:13,257912.0000,2
MXH9,21:16:13,250400.0000,3
MXH9,21:17:33,252954.5000,1
MXH9,21:17:59,245441.0000,1
MXH9,21:18:19,255459.0000,1
MXH9,21:18:19,242936.5000,1
MXH9,21:18:30,250400.0000,1
MXH9,21:19:44,262998.7500,1
MXH9,21:20:11,262998.7500,1
MXH9,21:20:44,255510.0000,1
MXH9,21:20:44,245490.0000,5
MXH9,21:20:44,237975.0000,1
MXH9,21:20:47,245490.0000,1
MXH9,21:21:12,260546.0000,2
MXH9,21:21:12,258040.7500,1
MXH9,21:21:12,237998.7500,1
MXH9,21:21:15,255561.0000,2
MXH9,21:21:15,243057.7500,2
MXH9,21:21:15,238046.2500,1
MXH9,21:21:15,260598.0000,1
MXH9,21:21:15,263103.7500,1
MXH9,21:21:15,258092.2500,5
MXH9,21:21:15,255561.0000,1
MXH9,21:21:15,245539.0000,1
MXH9,21:21:15,258066.5000,2
MXH9,21:21:23,255561.0000,2
MXH9,21:21:23,248044.5000,2
MXH9,21:21:39,243033.5000,1
MXH9,21:22:06,250500.0000,1
MXH9,21:22:25,250500.0000,1
MXH9,21:22:25,242985.0000,1
MXH9,21:22:25,258015.0000,1
MXH9,21:22:25,247995.0000,1
MXH9,21:22:25,255510.0000,1
MXH9,21:22:41,260494.0000,1
MXH9,21:22:41,240456.0000,1
MXH9,21:22:47,257989.2500,1
MXH9,21:22:57,237975.0000,2
MXH9,21:25:05,262972.5000,2
MXH9,21:25:05,245441.0000,2
MXH9,21:25:06,257937.7500,2
MXH9,21:25:27,250425.0000,1
MXH9,21:25:27,257937.7500,1
MXH9,21:26:06,262972.5000,2
MXH9,21:26:26,250450.0000,1
MXH9,21:27:12,263025.0000,1
MXH9,21:27:41,247995.0000,2
MXH9,21:27:58,240504.0000,1
MXH9,21:28:27,253030.2500,2
MXH9,21:28:38,260546.0000,1
MXH9,21:31:40,242985.0000,1
MXH9,21:31:40,237975.0000,1
MXH9,21:33:21,255586.5000,1
MXH9,21:33:21,253080.7500,1
MXH9,21:33:43,243082.0000,3
MXH9,21:33:43,245588.0000,3
MXH9,21:33:48,245588.0000,6
MXH9,21:33:48,255612.0000,6
MXH9,21:34:07,245612.5000,1
MXH9,21:34:11,250575.0000,1
MXH9,21:34:52,240600.0000,1
MXH9,21:35:00,245612.5000,2
MXH9,21:35:56,260650.0000,1
MXH9,21:36:18,245661.5000,2
MXH9,21:36:18,248168.2500,1
MXH9,21:36:18,250675.0000,1
MXH9,21:36:18,248168.2500,2
MXH9,21:36:33,243106.2500,1
MXH9,21:36:33,263156.2500,1
MXH9,21:38:01,243130.5000,1
MXH9,21:38:01,260676.0000,1
MXH9,21:39:35,263130.0000,1
MXH9,21:39:43,240600.0000,1
MXH9,21:39:43,255637.5000,1
MXH9,21:39:43,253106.0000,2
MXH9,21:39:43,238070.0000,1
MXH9,21:40:00,258169.5000,1
MXH9,21:40:01,248168.2500,1
MXH9,21:41:18,260598.0000,2
MXH9,21:41:33,253131.2500,2
MXH9,21:41:33,253131.2500,1
MXH9,21:42:18,255586.5000,1
MXH9,21:42:18,245563.5000,1
MXH9,21:44:52,242985.0000,1
MXH9,21:45:16,250475.0000,2
MXH9,21:45:16,242960.7500,2
MXH9,21:45:16,255484.5000,2
MXH9,21:46:22,258066.5000,1
MXH9,21:47:52,250575.0000,2
MXH9,21:48:12,253080.7500,1
MXH9,21:48:12,258092.2500,2
MXH9,21:48:25,243082.0000,1
MXH9,21:48:25,240576.0000,1
MXH9,21:50:26,255637.5000,2
MXH9,21:50:26,253131.2500,1
MXH9,21:50:26,253131.2500,1
MXH9,21:50:26,263156.2500,1
MXH9,21:51:01,238117.5000,1
MXH9,21:51:04,245661.5000,1
MXH9,21:51:04,240648.0000,1
MXH9,21:51:04,260702.0000,1
MXH9,21:51:27,263235.0000,1
MXH9,21:51:27,240672.0000,2
MXH9,21:51:27,243179.0000,1
MXH9,21:51:27,260728.0000,2
MXH9,21:51:27,255714.0000,1
MXH9,21:51:27,240672.0000,2
MXH9,21:51:27,258221.0000,2
MXH9,21:51:27,245686.0000,8
MXH9,21:51:27,248193.0000,1
MXH9,21:55:00,243106.2500,1
MXH9,21:56:32,250625.0000,1
MXH9,21:59:15,245612.5000,1
MXH9,21:59:21,245612.5000,2
MXH9,22:00:13,263156.2500,2
MXH9,22:02:00,248094.0000,1
MXH9,22:04:18,258169.5000,1
MXH9,22:04:26,258169.5000,1
MXH9,22:05:13,243130.5000,1
MXH9,22:05:41,240624.0000,2
MXH9,22:05:41,240624.0000,2
MXH9,22:05:41,258169.5000,2
MXH9,22:05:41,255688.5000,2
MXH9,22:05:41,260702.0000,1
MXH9,22:05:41,248143.5000,1
MXH9,22:05:41,248118.7500,3
MXH9,22:05:41,245612.5000,1
MXH9,22:05:41,243130.5000,1
MXH9,22:05:41,263182.5000,1
MXH9,22:05:41,253156.5000,1
MXH9,22:07:10,245612.5000,2
MXH9,22:07:10,263156.2500,3
MXH9,22:07:20,243154.7500,1
MXH9,22:07:31,260702.0000,2
MXH9,22:07:35,260702.0000,1
MXH9,22:08:10,245661.5000,1
MXH9,22:08:43,245637.0000,1
MXH9,22:11:04,263156.2500,1
MXH9,22:11:09,245588.0000,1
MXH9,22:13:44,260650.0000,1
MXH9,22:16:28,253156.5000,1
MXH9,22:18:27,238117.5000,1
MXH9,22:18:27,258169.5000,1
MXH9,22:19:20,255612.0000,5
MXH9,22:19:51,255637.5000,2
MXH9,22:22:11,250650.0000,2
MXH9,22:22:11,250650.0000,2
MXH9,22:22:11,248143.5000,1
MXH9,22:23:32,248118.7500,2
MXH9,22:24:28,263103.7500,2
MXH9,22:24:28,240576.0000,2
MXH9,22:24:28,253106.0000,1
MXH9,22:25:00,243057.7500,2
MXH9,22:25:44,245588.0000,4
MXH9,22:26:01,260624.0000,2
MXH9,22:26:01,250600.0000,1
MXH9,22:26:01,245588.0000,2
MXH9,22:30:01,238141.2500,1
MXH9,22:30:06,263208.7500,1
MXH9,22:30:06,245661.5000,2
MXH9,22:30:06,238141.2500,1
MXH9,22:30:08,258169.5000,1
MXH9,22:30:08,245637.0000,1
MXH9,22:30:43,263208.7500,3
MXH9,22:30:43,243154.7500,2
MXH9,22:31:46,238141.2500,1
MXH9,22:31:46,248168.2500,1
MXH9,22:31:46,253181.7500,1
MXH9,22:31:46,243154.7500,1
MXH9,22:31:49,260702.0000,1
MXH9,22:31:49,245661.5000,1
MXH9,22:32:55,263208.7500,1
MXH9,22:32:55,238141.2500,1
MXH9,22:32:55,255688.5000,1
MXH9,22:32:55,238141.2500,1
MXH9,22:32:55,260702.0000,1
MXH9,22:32:55,245661.5000,1
MXH9,22:33:04,240624.0000,1
MXH9,22:33:06,240624.0000,3
MXH9,22:33:56,245661.5000,1
MXH9,22:35:01,263182.5000,1
MXH9,22:35:04,240648.0000,1
MXH9,22:35:06,260728.0000,10
MXH9,22:35:06,240672.0000,1
MXH9,22:35:06,255714.0000,1
MXH9,22:35:06,248193.0000,1
MXH9,22:35:32,255714.0000,2
MXH9,22:35:45,243179.0000,2
MXH9,22:36:02,248168.2500,1
MXH9,22:36:25,240696.0000,1
MXH9,22:36:25,258246.7500,1
MXH9,22:36:25,263261.2500,1
MXH9,22:36:25,255739.5000,1
MXH9,22:36:25,263261.2500,1
MXH9,22:36:25,238188.7500,1
MXH9,22:36:25,253232.2500,1
MXH9,22:36:25,255739.5000,1
MXH9,22:36:25,255739.5000,1
MXH9,22:36:25,258246.7500,1
MXH9,22:36:25,245710.5000,1
MXH9,22:36:26,243203.2500,2
MXH9,22:36:26,245710.5000,2
MXH9,22:36:26,255739.5000,1
MXH9,22:36:32,255739.5000,2
MXH9,22:37:13,238212.5000,1
MXH9,22:37:13,263287.5000,2
MXH9,22:37:13,260780.0000,1
MXH9,22:37:13,250750.0000,1
MXH9,22:37:13,240720.0000,1
MXH9,22:37:13,245735.0000,2
MXH9,22:37:19,240744.0000,2
MXH9,22:37:19,248267.2500,1
MXH9,22:37:19,248267.2500,2
MXH9,22:37:19,238236.2500,1
MXH9,22:37:19,243251.7500,1
MXH9,22:37:19,250775.0000,1
MXH9,22:37:20,248292.0000,2
MXH9,22:37:20,260806.0000,2
MXH9,22:37:20,258324.0000,1
MXH9,22:37:33,253282.7500,2
MXH9,22:37:33,250775.0000,2
MXH9,22:38:44,245759.5000,15
MXH9,22:38:45,253282.7500,3
MXH9,22:38:45,255790.5000,1
MXH9,22:39:53,258272.5000,2
MXH9,22:40:28,258272.5000,1
MXH9,22:40:28,240720.0000,2
MXH9,22:41:20,260780.0000,2
MXH9,22:42:05,260754.0000,1
MXH9,22:42:05,243203.2500,1
MXH9,22:43:31,260780.0000,2
MXH9,22:43:31,248242.5000,1
MXH9,22:43:59,240744.0000,2
MXH9,22:43:59,255790.5000,1
MXH9,22:43:59,260806.0000,1
MXH9,22:43:59,245759.5000,2
MXH9,22:43:59,260806.0000,1
MXH9,22:43:59,260806.0000,1
MXH9,22:43:59,245759.5000,1
MXH9,22:44:02,263313.7500,2
MXH9,22:44:02,243251.7500,2
MXH9,22:44:02,240720.0000,2
MXH9,22:44:02,243227.5000,1
MXH9,22:44:03,263313.7500,1
MXH9,22:44:03,255790.5000,2
MXH9,22:44:03,258298.2500,1
MXH9,22:44:12,255790.5000,2
MXH9,22:44:12,243251.7500,2
MXH9,22:44:40,238260.0000,1
MXH9,22:44:40,245784.0000,1
MXH9,22:44:47,238260.0000,6
MXH9,22:44:47,263340.0000,2
MXH9,22:44:47,245784.0000,2
MXH9,22:44:47,243276.0000,2
MXH9,22:44:47,250800.0000,1
MXH9,22:44:47,255816.0000,1
MXH9,22:44:47,258324.0000,1
MXH9,22:44:47,243276.0000,1
MXH9,22:44:47,245784.0000,2
MXH9,22:44:47,240768.0000,1
MXH9,22:44:47,258324.0000,3
MXH9,22:44:47,250800.0000,1
MXH9,22:44:47,250800.0000,2
MXH9,22:44:47,253308.0000,3
MXH9,22:44:47,263340.0000,6
MXH9,22:45:01,260832.0000,2
MXH9,22:45:10,245784.0000,2
MXH9,22:46:13,255841.5000,1
MXH9,22:46:13,263366.2500,1
MXH9,22:46:13,258349.7500,1
MXH9,22:46:13,243300.2500,2
MXH9,22:46:13,240792.0000,1
MXH9,22:46:13,258349.7500,2
MXH9,22:55:01,263313.7500,1
MXH9,22:55:01,248267.2500,2
MXH9,22:56:59,258298.2500,1
MXH9,22:57:24,243300.2500,1
MXH9,22:57:24,253333.2500,2
MXH9,22:58:30,258349.7500,2
MXH9,22:58:30,238283.7500,1
MXH9,22:58:30,245808.5000,2
MXH9,22:59:54,248292.0000,6
MXH9,22:59:54,248292.0000,2
MXH9,23:00:00,250800.0000,2
MXH9,23:01:01,255765.0000,2
MXH9,23:02:02,243251.7500,1
MXH9,23:04:02,253308.0000,1
MXH9,23:05:02,240792.0000,2
MXH9,23:05:10,238283.7500,1
MXH9,23:05:10,248316.7500,1
MXH9,23:05:28,250800.0000,1
MXH9,23:06:03,248341.5000,5
MXH9,23:06:03,243324.5000,2
MXH9,23:06:03,255867.0000,3
MXH9,23:06:03,253358.5000,1
MXH9,23:07:46,258401.2500,1
MXH9,23:07:46,255892.5000,1
MXH9,23:07:46,245857.5000,2
MXH9,23:08:10,240840.0000,1
MXH9,23:08:10,258401.2500,1
MXH9,23:08:10,250875.0000,4
MXH9,23:08:10,258401.2500,2
MXH9,23:08:10,245857.5000,2
MXH9,23:08:10,243348.7500,1
MXH9,23:08:10,243348.7500,2
MXH9,23:08:10,248366.2500,1
MXH9,23:08:10,253383.7500,2
MXH9,23:08:10,253383.7500,1
MXH9,23:08:10,240840.0000,2
MXH9,23:09:58,245833.0000,1
MXH9,23:09:58,250850.0000,1
MXH9,23:09:58,240816.0000,1
MXH9,23:09:58,240816.0000,1
MXH9,23:09:58,260884.0000,1
MXH9,23:09:58,260884.0000,1
MXH9,23:09:58,260884.0000,1
MXH9,23:09:58,258375.5000,1
MXH9,23:09:58,255867.0000,1
MXH9,23:09:58,243324.5000,1
MXH9,23:10:15,245857.5000,2
MXH9,23:10:15,248366.2500,1
MXH9,23:10:15,240840.0000,1
MXH9,23:12:08,258401.2500,1
MXH9,23:12:08,258401.2500,1
MXH9,23:12:24,245857.5000,5
MXH9,23:12:41,263445.0000,10
MXH9,23:12:41,260936.0000,18
MXH9,23:12:41,260936.0000,1
MXH9,23:12:41,240864.0000,10
MXH9,23:12:50,255943.5000,1
MXH9,23:12:50,245906.5000,2
MXH9,23:13:08,238378.7500,1
MXH9,23:13:16,248415.7500,1
MXH9,23:13:16,238378.7500,1
MXH9,23:13:16,255943.5000,1
MXH9,23:13:34,248440.5000,1
MXH9,23:13:34,250950.0000,2
MXH9,23:13:34,240912.0000,4
MXH9,23:13:41,240888.0000,1
MXH9,23:13:42,240888.0000,2
MXH9,23:13:42,260962.0000,1
MXH9,23:13:42,238378.7500,2
MXH9,23:14:23,255943.5000,2
MXH9,23:14:23,258452.7500,1
MXH9,23:14:34,250925.0000,1
MXH9,23:14:40,245906.5000,1
MXH9,23:14:48,245906.5000,3
MXH9,23:14:48,248415.7500,2
MXH9,23:14:48,245906.5000,1
MXH9,23:14:48,253434.2500,1
MXH9,23:14:48,250925.0000,2
MXH9,23:14:48,245906.5000,6
MXH9,23:14:48,260962.0000,1
MXH9,23:14:48,248415.7500,2
MXH9,23:14:48,258452.7500,1
MXH9,23:14:48,243397.2500,1
MXH9,23:14:48,255943.5000,2
MXH9,23:14:48,243397.2500,2
MXH9,23:14:48,260962.0000,2
MXH9,23:14:48,263471.2500,1
MXH9,23:14:48,238378.7500,1
MXH9,23:14:48,263471.2500,6
MXH9,23:14:48,240888.0000,1
MXH9,23:14:48,238378.7500,2
MXH9,23:14:48,260962.0000,2
MXH9,23:14:48,255943.5000,2
MXH9,23:14:48,248415.7500,1
MXH9,23:14:48,253434.2500,2
MXH9,23:14:48,255943.5000,1
MXH9,23:14:48,243397.2500,1
MXH9,23:14:48,238378.7500,2
MXH9,23:14:48,245906.5000,2
MXH9,23:15:43,260962.0000,1
MXH9,23:16:16,238402.5000,1
MXH9,23:16:16,245931.0000,1
MXH9,23:16:51,260962.0000,2
MXH9,23:17:47,245906.5000,2
MXH9,23:17:47,260962.0000,1
MXH9,23:17:47,243397.2500,2
MXH9,23:17:47,240888.0000,1
MXH9,23:17:56,258452.7500,3
MXH9,23:18:27,263471.2500,1
MXH9,23:18:27,255943.5000,1
MXH9,23:18:27,240888.0000,1
MXH9,23:18:27,260962.0000,1
MXH9,23:18:27,255943.5000,2
MXH9,23:18:27,248415.7500,2
MXH9,23:18:27,258452.7500,1
MXH9,23:18:27,258452.7500,1
MXH9,23:18:27,260962.0000,1
MXH9,23:18:27,238378.7500,1
MXH9,23:19:05,243373.0000,8
MXH9,23:19:05,240864.0000,8
MXH9,23:19:05,243373.0000,2
MXH9,23:19:07,260936.0000,1
MXH9,23:19:07,263445.0000,2
MXH9,23:19:07,250900.0000,2
MXH9,23:19:07,250900.0000,2
MXH9,23:19:07,258427.0000,1
MXH9,23:19:07,260936.0000,2
MXH9,23:19:07,253409.0000,1
MXH9,23:19:41,263418.7500,3
MXH9,23:19:41,260910.0000,6
MXH9,23:19:53,248391.0000,1
MXH9,23:19:53,243373.0000,1
MXH9,23:19:53,263445.0000,1
MXH9,23:19:53,263445.0000,1
MXH9,23:19:53,255918.0000,1
MXH9,23:19:53,258427.0000,2
MXH9,23:19:53,263445.0000,1
MXH9,23:19:53,238355.0000,1
MXH9,23:19:53,260936.0000,1
MXH9,23:20:01,260910.0000,1
MXH9,23:22:28,255918.0000,1
MXH9,23:27:11,253434.2500,2
MXH9,23:27:11,248415.7500,1
MXH9,23:27:11,248415.7500,2
MXH9,23:27:11,250925.0000,2
MXH9,23:27:20,253434.2500,1
MXH9,23:27:20,243397.2500,1
MXH9,23:27:20,250925.0000,1
MXH9,23:27:20,238378.7500,1
MXH9,23:27:20,243397.2500,1
MXH9,23:27:20,250925.0000,1
MXH9,23:27:20,248415.7500,1
MXH9,23:27:20,263471.2500,1
MXH9,23:27:59,243373.0000,1
MXH9,23:29:47,260936.0000,2
MXH9,23:30:06,243373.0000,1
MXH9,23:30:47,240840.0000,1
MXH9,23:30:47,248366.2500,1
MXH9,23:30:53,255892.5000,1
MXH9,23:30:53,248366.2500,1
MXH9,23:33:00,253409.0000,5
MXH9,23:35:46,250900.0000,2
MXH9,23:36:04,240864.0000,1
MXH9,23:36:13,245882.0000,1
MXH9,23:36:28,253409.0000,1
MXH9,23:37:35,243397.2500,2
MXH9,23:37:35,255943.5000,3
MXH9,23:38:39,253409.0000,1
MXH9,23:38:39,255918.0000,1
MXH9,23:38:39,243373.0000,1
MXH9,23:38:39,258427.0000,1
MXH9,23:38:39,260936.0000,1
MXH9,23:38:39,238355.0000,1
MXH9,23:38:58,245857.5000,1
MXH9,23:38:58,255892.5000,1
MXH9,23:38:58,250875.0000,1
MXH9,23:38:58,250875.0000,1
MXH9,23:38:58,253383.7500,1
MXH9,23:38:58,255892.5000,1
MXH9,23:40:49,260884.0000,1
MXH9,23:41:42,255841.5000,1
MXH9,23:42:19,253308.0000,1
MXH9,23:42:19,258324.0000,4
MXH9,23:42:34,245808.5000,1
MXH9,23:42:34,250825.0000,1
MXH9,23:42:34,255841.5000,1
MXH9,23:42:34,240792.0000,2
MXH9,23:42:34,255841.5000,1
MXH9,23:42:34,255841.5000,2
MXH9,23:42:34,258349.7500,1
MXH9,23:42:34,238283.7500,4
MXH9,23:42:47,245808.5000,1
MXH9,23:42:47,258349.7500,4
MXH9,23:43:09,238260.0000,2
MXH9,23:43:24,258349.7500,1
MXH9,23:43:27,255867.0000,1
MXH9,23:43:27,263392.5000,4
MXH9,23:43:27,243324.5000,5
MXH9,23:44:22,250825.0000,1
MXH9,23:44:27,238307.5000,1
MXH9,23:44:27,240816.0000,1
MXH9,23:44:27,263392.5000,1
MXH9,23:45:03,250850.0000,3
MXH9,23:45:03,250850.0000,3
MXH9,23:45:03,263392.5000,3
MXH9,23:45:17,253358.5000,3
MXH9,23:45:54,248316.7500,2
MXH9,23:46:00,245808.5000,2
MXH9,23:46:00,248316.7500,2
MXH9,23:46:00,260858.0000,4
MXH9,23:46:00,263366.2500,4
MXH9,23:46:00,248316.7500,2
MXH9,23:46:00,248316.7500,3
MXH9,23:46:00,240792.0000,2
MXH9,23:46:00,240792.0000,1
MXH9,23:47:12,238260.0000,1
MXH9,23:47:12,243276.0000,1
MXH9,23:47:12,253308.0000,1
MXH9,23:47:12,260832.0000,1
MXH9,23:47:12,245784.0000,1
MXH9,23:47:12,245735.0000,2
MXH9,23:47:12,238212.5000,1
MXH9,23:47:12,248242.5000,1
MXH9,23:47:12,240696.0000,1
MXH9,23:47:12,248217.7500,2
MXH9,23:47:13,243251.7500,1
MXH9,23:47:13,240744.0000,1
MXH9,23:47:13,253282.7500,1
MXH9,23:47:34,260780.0000,1
MXH9,23:47:34,258272.5000,3
MXH9,23:48:52,240720.0000,1
MXH9,23:48:52,243227.5000,1
MXH9,23:48:52,260780.0000,1
MXH9,23:48:53,253232.2500,3
MXH9,23:48:53,253232.2500,2
MXH9,23:48:53,248217.7500,2
MXH9,23:48:53,240672.0000,2
MXH9,23:48:53,260728.0000,1
MXH9,23:48:53,245686.0000,1
MXH9,23:48:53,250675.0000,1
MXH9,23:48:53,250650.0000,2
MXH9,23:49:00,245686.0000,2
MXH9,23:49:02,255714.0000,1
MXH9,23:49:23,240672.0000,10
MXH9,23:49:54,245637.0000,1
MXH9,23:49:59,258221.0000,4
MXH9,10:00:00,243421.5000,35
MXH9,10:00:00,248440.5000,1
MXH9,10:00:00,258478.5000,6
MXH9,10:00:00,240960.0000,2
MXH9,10:00:00,251000.0000,1
MXH9,10:00:00,238450.0000,1
MXH9,10:00:00,243470.0000,2
MXH9,10:00:00,261040.0000,5
MXH9,10:00:00,248490.0000,1
MXH9,10:00:00,258555.7500,2
MXH9,10:00:00,251075.0000,1
MXH9,10:00:00,258736.0000,3
MXH9,10:00:01,261300.0000,1
MXH9,10:00:01,238735.0000,1
MXH9,10:00:01,246151.5000,2
MXH9,10:00:01,238758.7500,1
MXH9,10:00:02,261196.0000,5
MXH9,10:00:02,243615.5000,4
MXH9,10:00:02,248613.7500,1
MXH9,10:00:03,243809.5000,3
MXH9,10:00:05,243761.0000,3
MXH9,10:00:10,246274.0000,1
MXH9,10:00:11,263865.0000,2
MXH9,10:00:11,261300.0000,2
MXH9,10:00:12,256275.0000,2
MXH9,10:00:12,256326.0000,2
MXH9,10:00:13,238711.2500,2
MXH9,10:00:13,238758.7500,2
MXH9,10:00:13,238711.2500,1
MXH9,10:00:14,238735.0000,2
MXH9,10:00:16,253863.5000,2
MXH9,10:00:16,243809.5000,5
MXH9,10:00:16,256377.0000,1
MXH9,10:00:16,263917.5000,1
MXH9,10:00:16,256428.0000,1
MXH9,10:00:16,253914.0000,2
MXH9,10:00:17,248836.5000,6
MXH9,10:00:17,241272.0000,2
MXH9,10:00:17,251325.0000,2
MXH9,10:00:17,261352.0000,2
MXH9,10:00:17,238711.2500,3
MXH9,10:00:17,238711.2500,8
MXH9,10:00:17,256275.0000,2
MXH9,10:00:17,248737.5000,2
MXH9,10:00:17,241200.0000,2
MXH9,10:00:17,258761.7500,2
MXH9,10:00:17,253712.0000,2
MXH9,10:00:17,243664.0000,1
MXH9,10:00:17,246176.0000,1
MXH9,10:00:17,243712.5000,2
MXH9,10:00:17,263838.7500,2
MXH9,10:00:17,251275.0000,17
MXH9,10:00:17,243736.7500,3
MXH9,10:00:17,261326.0000,3
MXH9,10:00:18,253813.0000,2
MXH9,10:00:20,256326.0000,2
MXH9,10:00:20,253813.0000,1
MXH9,10:00:20,241200.0000,2
MXH9,10:00:20,241224.0000,1
MXH9,10:00:20,243712.5000,6
MXH9,10:00:21,238687.5000,1
MXH9,10:00:22,246323.0000,2
MXH9,10:00:22,238782.5000,3
MXH9,10:00:22,251350.0000,2
MXH9,10:00:26,246323.0000,2
MXH9,10:00:26,238782.5000,1
MXH9,10:00:26,258890.5000,1
MXH9,10:00:26,241296.0000,1
MXH9,10:00:26,261404.0000,1
MXH9,10:00:26,248811.7500,1
MXH9,10:00:31,258864.7500,1
MXH9,10:00:31,241272.0000,1
MXH9,10:00:34,246323.0000,2
MXH9,10:00:34,261404.0000,1
MXH9,10:00:35,241248.0000,2
MXH9,10:00:41,258813.2500,3
MXH9,10:00:41,241224.0000,1
MXH9,10:00:41,258813.2500,3
MXH9,10:00:41,258813.2500,1
MXH9,10:00:45,258761.7500,1
MXH9,10:00:59,241200.0000,1
MXH9,10:01:00,248712.7500,1
MXH9,10:01:00,241176.0000,1
MXH9,10:01:00,258761.7500,1
MXH9,10:01:00,261274.0000,1
MXH9,10:01:00,238663.7500,1
MXH9,10:01:00,256249.5000,1
MXH9,10:01:00,261300.0000,1
MXH9,10:01:00,246225.0000,1
MXH9,10:01:00,248712.7500,1
MXH9,10:01:01,246225.0000,2
MXH9,10:01:01,256275.0000,1
MXH9,10:01:01,256275.0000,2
MXH9,10:01:01,243712.5000,1
MXH9,10:01:01,261300.0000,3
MXH9,10:01:01,256275.0000,1
MXH9,10:01:01,243712.5000,2
MXH9,10:01:01,243712.5000,13
MXH9,10:01:02,243736.7500,2
MXH9,10:01:02,251250.0000,1
MXH9,10:01:02,256275.0000,1
MXH9,10:01:02,258761.7500,1
MXH9,10:01:02,251225.0000,1
MXH9,10:01:02,261274.0000,1
MXH9,10:01:02,241152.0000,4
MXH9,10:01:02,241176.0000,1
MXH9,10:01:02,256275.0000,1
MXH9,10:01:03,243664.0000,1
MXH9,10:01:03,253712.0000,3
MXH9,10:01:03,253712.0000,4
MXH9,10:01:03,261248.0000,2
MXH9,10:01:03,256275.0000,1
MXH9,10:01:03,261300.0000,1
MXH9,10:01:03,241152.0000,2
MXH9,10:01:08,241200.0000,1
MXH9,10:01:08,238687.5000,1
MXH9,10:01:10,241176.0000,2
MXH9,10:01:14,248737.5000,2
MXH9,10:01:14,256249.5000,2
MXH9,10:01:14,253712.0000,2
MXH9,10:01:14,248688.0000,1
MXH9,10:01:18,256224.0000,2
MXH9,10:01:18,256224.0000,1
MXH9,10:01:23,248712.7500,1
MXH9,10:01:23,261274.0000,1
MXH9,10:01:24,248688.0000,1
MXH9,10:01:31,258787.5000,2
MXH9,10:01:31,253762.5000,1
MXH9,10:01:31,251275.0000,2
MXH9,10:01:31,248762.2500,1
MXH9,10:01:34,256275.0000,1
MXH9,10:01:34,263838.7500,2
MXH9,10:01:34,263838.7500,3
MXH9,10:01:34,256300.5000,5
MXH9,10:01:34,248762.2500,1
MXH9,10:01:34,246249.5000,1
MXH9,10:01:34,246249.5000,1
MXH9,10:01:34,246249.5000,1
MXH9,10:01:40,261300.0000,1
MXH9,10:01:40,263786.2500,1
MXH9,10:01:42,241248.0000,1
MXH9,10:01:42,243761.0000,1
MXH9,10:01:42,251300.0000,1
MXH9,10:01:42,241248.0000,1
MXH9,10:01:42,238735.0000,10
MXH9,10:01:42,246298.5000,2
MXH9,10:01:42,248811.7500,2
MXH9,10:01:42,258864.7500,1
MXH9,10:01:42,253838.2500,1
MXH9,10:01:42,261378.0000,3
MXH9,10:01:42,243785.2500,5
MXH9,10:01:42,261404.0000,1
MXH9,10:01:42,243809.5000,1
MXH9,10:01:42,243809.5000,2
MXH9,10:01:42,256377.0000,1
MXH9,10:01:42,251350.0000,1
MXH9,10:01:42,241296.0000,1
MXH9,10:01:42,246323.0000,21
MXH9,10:01:42,248787.0000,1
MXH9,10:01:42,253838.2500,2
MXH9,10:01:42,258864.7500,2
MXH9,10:01:44,256351.5000,1
MXH9,10:01:46,256377.0000,2
MXH9,10:01:49,253838.2500,2
MXH9,10:01:49,243785.2500,1
MXH9,10:01:49,258864.7500,1
MXH9,10:01:52,248811.7500,1
MXH9,10:01:53,238782.5000,2
MXH9,10:01:53,241296.0000,3
MXH9,10:01:53,248836.5000,2
MXH9,10:01:53,238782.5000,1
MXH9,10:01:53,243809.5000,1
MXH9,10:01:53,248836.5000,1
MXH9,10:01:53,253863.5000,1
MXH9,10:01:59,263943.7500,1
MXH9,10:01:59,246347.5000,1
MXH9,10:02:02,248861.2500,1
MXH9,10:02:02,258916.2500,1
MXH9,10:02:06,246298.5000,1
MXH9,10:02:06,256377.0000,1
MXH9,10:02:11,238782.5000,1
MXH9,10:02:11,258890.5000,1
MXH9,10:02:11,261404.0000,6
MXH9,10:02:11,251350.0000,1
MXH9,10:02:11,238782.5000,1
MXH9,10:02:12,256351.5000,1
MXH9,10:02:12,248811.7500,1
MXH9,10:02:13,241272.0000,1
MXH9,10:02:13,238758.7500,1
MXH9,10:02:13,256351.5000,1
MXH9,10:02:13,258864.7500,1
MXH9,10:02:13,248811.7500,3
MXH9,10:02:14,256351.5000,2
MXH9,10:02:14,258864.7500,1
MXH9,10:02:14,241272.0000,1
MXH9,10:02:14,246298.5000,1
MXH9,10:02:14,263891.2500,2
MXH9,10:02:14,243785.2500,1
MXH9,10:02:20,256351.5000,1
MXH9,10:02:22,251325.0000,2
MXH9,10:02:22,251325.0000,2
MXH9,10:02:22,248811.7500,1
MXH9,10:02:23,248811.7500,1
MXH9,10:02:27,256326.0000,2
MXH9,10:02:27,253813.0000,6
MXH9,10:02:44,253737.2500,1
MXH9,10:02:44,238663.7500,1
MXH9,10:02:44,251225.0000,6
MXH9,10:02:44,251225.0000,2
MXH9,10:02:44,263786.2500,3
MXH9,10:02:44,246200.5000,2
MXH9,10:02:44,248712.7500,2
MXH9,10:02:46,258736.0000,2
MXH9,10:02:46,261248.0000,5
MXH9,10:02:53,238616.2500,3
MXH9,10:02:53,243639.7500,3
MXH9,10:02:58,241128.0000,1
MXH9,10:03:11,258684.5000,2
MXH9,10:03:11,261196.0000,3
MXH9,10:03:11,258684.5000,2
MXH9,10:03:11,258684.5000,3
MXH9,10:03:12,256173.0000,6
MXH9,10:03:12,251150.0000,2
MXH9,10:03:12,248638.5000,1
MXH9,10:03:14,253636.2500,1
MXH9,10:03:14,246102.5000,2
MXH9,10:03:14,243591.2500,2
MXH9,10:03:14,253636.2500,1
MXH9,10:03:14,261170.0000,1
MXH9,10:03:14,243591.2500,1
MXH9,10:03:14,263681.2500,1
MXH9,10:03:15,256122.0000,2
MXH9,10:03:17,261144.0000,1
MXH9,10:03:20,261040.0000,1
MXH9,10:03:20,261040.0000,1
MXH9,10:03:20,246004.5000,2
MXH9,10:03:21,248514.7500,3
MXH9,10:03:21,253535.2500,1
MXH9,10:03:21,261066.0000,2
MXH9,10:03:21,258555.7500,1
MXH9,10:03:21,251025.0000,1
MXH9,10:03:21,261066.0000,2
MXH9,10:03:21,258555.7500,2
MXH9,10:03:21,246004.5000,1
MXH9,10:03:21,253535.2500,1
MXH9,10:03:21,240984.0000,2
MXH9,10:03:22,248490.0000,1
MXH9,10:03:24,256020.0000,2
MXH9,10:03:26,258530.0000,1
MXH9,10:03:26,243470.0000,1
MXH9,10:03:26,253510.0000,2
MXH9,10:03:26,253510.0000,13
MXH9,10:03:26,261040.0000,1
MXH9,10:03:28,238473.7500,1
MXH9,10:03:45,258581.5000,1
MXH9,10:03:55,248589.0000,1
MXH9,10:03:55,253611.0000,1
MXH9,10:03:55,258633.0000,1
MXH9,10:03:56,263655.0000,1
MXH9,10:03:56,261144.0000,1
MXH9,10:03:59,251100.0000,1
MXH9,10:04:00,248613.7500,1
MXH9,10:04:00,238568.7500,1
MXH9,10:04:00,251150.0000,1
MXH9,10:04:00,238592.5000,10
MXH9,10:04:00,256173.0000,2
MXH9,10:04:00,253661.5000,1
MXH9,10:04:00,256173.0000,1
MXH9,10:04:00,238592.5000,2
MXH9,10:04:00,263707.5000,3
MXH9,10:04:00,256173.0000,1
MXH9,10:04:00,251150.0000,2
MXH9,10:04:00,258684.5000,1
MXH9,10:04:00,256173.0000,2
MXH9,10:04:00,246127.0000,1
MXH9,10:04:00,243615.5000,2
MXH9,10:04:00,261196.0000,2
MXH9,10:04:00,253661.5000,1
MXH9,10:04:00,248638.5000,1
MXH9,10:04:01,243639.7500,3
MXH9,10:04:01,253686.7500,2
MXH9,10:04:01,256198.5000,1
MXH9,10:04:01,248663.2500,1
MXH9,10:04:01,253686.7500,2
MXH9,10:04:01,258710.2500,1
MXH9,10:04:01,258710.2500,2
MXH9,10:04:02,253686.7500,1
MXH9,10:04:02,261222.0000,1
MXH9,10:04:02,248663.2500,1
MXH9,10:04:02,241128.0000,1
MXH9,10:04:03,256198.5000,2
MXH9,10:04:05,238640.0000,1
MXH9,10:04:06,243664.0000,1
MXH9,10:04:17,258736.0000,10
MXH9,10:04:17,246176.0000,5
MXH9,10:04:17,241152.0000,2
MXH9,10:04:17,253712.0000,1
MXH9,10:04:17,246176.0000,2
MXH9,10:04:17,248688.0000,1
MXH9,10:04:21,241176.0000,1
MXH9,10:04:22,241200.0000,1
MXH9,10:04:22,246225.0000,1
MXH9,10:04:22,253762.5000,2
MXH9,10:04:22,238687.5000,5
MXH9,10:04:22,241200.0000,1
MXH9,10:04:22,248737.5000,1
MXH9,10:04:27,263812.5000,1
MXH9,10:04:34,246225.0000,1
MXH9,10:04:34,241200.0000,2
MXH9,10:04:34,263812.5000,2
MXH9,10:04:36,241200.0000,1
MXH9,10:04:36,258787.5000,1
MXH9,10:04:36,251250.0000,1
MXH9,10:04:36,256275.0000,2
MXH9,10:04:36,246225.0000,4
MXH9,10:04:37,251250.0000,1
MXH9,10:04:37,253762.5000,1
MXH9,10:04:37,243712.5000,3
MXH9,10:04:37,261300.0000,2
MXH9,10:04:37,263812.5000,2
MXH9,10:04:37,241200.0000,1
MXH9,10:04:43,246176.0000,2
MXH9,10:04:44,261248.0000,1
MXH9,10:04:44,243664.0000,1
MXH9,10:04:44,248688.0000,1
MXH9,10:04:50,258736.0000,1
MXH9,10:04:58,246078.0000,1
MXH9,10:04:59,256122.0000,1
MXH9,10:05:00,243567.0000,3
MXH9,10:05:00,258633.0000,10
MXH9,10:05:00,258633.0000,2
MXH9,10:05:00,258633.0000,1
MXH9,10:05:00,258633.0000,1
MXH9,10:05:00,248589.0000,2
MXH9,10:05:00,256122.0000,1
MXH9,10:05:11,256122.0000,2
MXH9,10:05:11,248589.0000,1
MXH9,10:05:20,263707.5000,2
MXH9,10:05:20,258684.5000,1
MXH9,10:05:33,246127.0000,1
MXH9,10:05:36,251175.0000,1
MXH9,10:05:39,243639.7500,3
MXH9,10:05:39,253686.7500,3
MXH9,10:05:39,263733.7500,1
MXH9,10:05:47,246176.0000,2
MXH9,10:05:47,248688.0000,6
MXH9,10:05:47,256224.0000,2
MXH9,10:05:47,243664.0000,1
MXH9,10:05:47,261248.0000,1
MXH9,10:05:51,261248.0000,2
MXH9,10:05:52,261248.0000,1
MXH9,10:05:56,246176.0000,5
MXH9,10:05:59,258761.7500,3
MXH9,10:06:06,241200.0000,1
MXH9,10:06:06,238687.5000,5
MXH9,10:06:06,243712.5000,1
MXH9,10:06:06,243712.5000,3
MXH9,10:06:06,246225.0000,1
MXH9,10:06:09,256300.5000,1
MXH9,10:06:11,251225.0000,1
MXH9,10:06:11,248712.7500,2
MXH9,10:06:12,256249.5000,1
MXH9,10:06:18,246225.0000,1
MXH9,10:06:18,246225.0000,1
MXH9,10:06:21,251250.0000,1
MXH9,10:06:30,238687.5000,1
MXH9,10:06:31,238687.5000,1
MXH9,10:06:31,246225.0000,2
MXH9,10:06:35,263786.2500,2
MXH9,10:06:40,253737.2500,3
MXH9,10:06:40,263786.2500,1
MXH9,10:06:40,261274.0000,1
MXH9,10:06:40,251225.0000,2
MXH9,10:06:47,238711.2500,1
MXH9,10:06:47,246249.5000,2
MXH9,10:06:48,263838.7500,1
MXH9,10:06:48,238711.2500,2
MXH9,10:06:51,248737.5000,1
MXH9,10:06:54,251300.0000,2
MXH9,10:06:58,253762.5000,2
MXH9,10:06:58,243712.5000,1
MXH9,10:06:58,263838.7500,1
MXH9,10:06:58,238711.2500,1
MXH9,10:06:58,246274.0000,10
MXH9,10:07:01,241200.0000,2
MXH9,10:07:01,251250.0000,2
MXH9,10:07:01,238687.5000,1
MXH9,10:07:01,241200.0000,2
MXH9,10:07:01,253762.5000,1
MXH9,10:07:01,261300.0000,1
MXH9,10:07:03,263812.5000,1
MXH9,10:07:05,251225.0000,1
MXH9,10:07:05,261274.0000,1
MXH9,10:07:06,263760.0000,1
MXH9,10:07:06,246176.0000,1
MXH9,10:07:12,263707.5000,1
MXH9,10:07:13,261170.0000,1
MXH9,10:07:14,243615.5000,2
MXH9,10:07:17,263707.5000,2
MXH9,10:07:17,253661.5000,1
MXH9,10:07:17,238592.5000,1
MXH9,10:07:17,243615.5000,1
MXH9,10:07:17,251150.0000,1
MXH9,10:07:19,261170.0000,2
MXH9,10:07:19,261170.0000,1
MXH9,10:07:19,261170.0000,1
MXH9,10:07:19,253636.2500,1
MXH9,10:07:19,246102.5000,1
MXH9,10:07:19,253636.2500,1
MXH9,10:07:19,248613.7500,1
MXH9,10:07:19,241080.0000,1
MXH9,10:07:19,263707.5000,1
MXH9,10:07:19,246127.0000,1
MXH9,10:07:20,243567.0000,2
MXH9,10:07:20,261144.0000,1
MXH9,10:07:20,251100.0000,10
MXH9,10:07:20,246078.0000,1
MXH9,10:07:20,241056.0000,1
MXH9,10:07:20,241056.0000,4
MXH9,10:07:20,253611.0000,1
MXH9,10:07:20,258633.0000,1
MXH9,10:07:20,261144.0000,1
MXH9,10:07:20,261144.0000,2
MXH9,10:07:20,248589.0000,2
MXH9,10:07:20,258633.0000,1
MXH9,10:07:20,258633.0000,2
MXH9,10:07:21,258633.0000,2
MXH9,10:07:21,238545.0000,1
MXH9,10:07:23,253611.0000,1
MXH9,10:07:23,263655.0000,1
MXH9,10:07:23,253611.0000,1
MXH9,10:07:23,238545.0000,1
MXH9,10:07:29,253611.0000,1
MXH9,10:07:29,241056.0000,1
MXH9,10:07:39,248539.5000,2
MXH9,10:07:39,248539.5000,1
MXH9,10:07:39,243518.5000,1
MXH9,10:07:39,253560.5000,1
MXH9,10:07:39,253560.5000,1
MXH9,10:07:39,253560.5000,2
MXH9,10:07:39,248539.5000,1
MXH9,10:07:39,261092.0000,1
MXH9,10:07:39,263628.7500,1
MXH9,10:07:39,248564.2500,1
MXH9,10:07:40,251050.0000,1
MXH9,10:07:40,253560.5000,1
MXH9,10:07:41,241032.0000,2
MXH9,10:07:44,241008.0000,1
MXH9,10:07:44,243518.5000,2
MXH9,10:08:00,251050.0000,2
MXH9,10:08:00,246029.0000,1
MXH9,10:08:00,243518.5000,1
MXH9,10:08:00,261092.0000,1
MXH9,10:08:03,246004.5000,1
MXH9,10:08:03,256045.5000,1
MXH9,10:08:05,253535.2500,1
MXH9,10:08:05,246004.5000,1
MXH9,10:08:05,258555.7500,2
MXH9,10:08:05,248514.7500,6
MXH9,10:08:05,238473.7500,2
MXH9,10:08:05,263576.2500,2
MXH9,10:08:06,258555.7500,1
MXH9,10:08:06,258555.7500,2
MXH9,10:08:06,258530.0000,1
MXH9,10:08:07,238450.0000,10
MXH9,10:08:07,245980.0000,2
MXH9,10:08:14,261040.0000,1
MXH9,10:08:15,253510.0000,27
MXH9,10:08:15,251000.0000,2
MXH9,10:08:15,248490.0000,1
MXH9,10:08:16,248490.0000,1
MXH9,10:08:16,251000.0000,6
MXH9,10:08:16,243470.0000,2
MXH9,10:08:16,261040.0000,7
MXH9,10:08:16,258530.0000,2
MXH9,10:08:16,238450.0000,2
MXH9,10:08:16,258530.0000,3
MXH9,10:08:16,261040.0000,1
MXH9,10:08:16,245980.0000,2
MXH9,10:08:16,261040.0000,1
MXH9,10:08:16,261040.0000,12
MXH9,10:08:16,261040.0000,2
MXH9,10:08:16,253510.0000,1
MXH9,10:08:16,258530.0000,1
MXH9,10:08:16,263550.0000,2
MXH9,10:08:16,253510.0000,3
MXH9,10:08:16,245980.0000,34
MXH9,10:08:18,243445.7500,2
MXH9,10:08:18,258504.2500,1
MXH9,10:08:18,238426.2500,2
MXH9,10:08:18,240936.0000,1
MXH9,10:08:18,250975.0000,1
MXH9,10:08:19,243470.0000,1
MXH9,10:08:19,256020.0000,3
MXH9,10:08:19,243470.0000,1
MXH9,10:08:37,253535.2500,1
MXH9,10:08:38,246029.0000,5
MXH9,10:08:38,241008.0000,1
MXH9,10:08:40,241032.0000,2
MXH9,10:08:40,248564.2500,3
MXH9,10:08:40,251075.0000,1
MXH9,10:08:40,241032.0000,1
MXH9,10:08:40,246053.5000,1
MXH9,10:08:40,246053.5000,1
MXH9,10:08:40,263628.7500,1
MXH9,10:08:40,253585.7500,1
MXH9,10:08:40,258633.0000,1
MXH9,10:08:41,256122.0000,5
MXH9,10:08:41,261144.0000,2
MXH9,10:08:41,241056.0000,5
MXH9,10:08:41,261144.0000,5
MXH9,10:08:41,258633.0000,5
MXH9,10:08:41,248589.0000,5
MXH9,10:08:41,253611.0000,5
MXH9,10:08:41,241056.0000,5
MXH9,10:08:41,246078.0000,5
MXH9,10:08:41,263655.0000,5
MXH9,10:08:41,253611.0000,5
MXH9,10:08:41,243567.0000,5
MXH9,10:08:41,243567.0000,1
MXH9,10:08:41,241056.0000,4
MXH9,10:08:41,248589.0000,5
MXH9,10:08:41,246078.0000,5
MXH9,10:08:41,261144.0000,5
MXH9,10:08:41,256122.0000,5
MXH9,10:08:41,258633.0000,5
MXH9,10:08:41,256122.0000,2
MXH9,10:08:41,243567.0000,2
MXH9,10:08:41,258633.0000,1
MXH9,10:08:41,241056.0000,1
MXH9,10:08:41,253611.0000,3
MXH9,10:08:41,238545.0000,1
MXH9,10:08:41,241056.0000,5
MXH9,10:08:41,258633.0000,5
MXH9,10:08:41,256147.5000,1
MXH9,10:08:41,258658.7500,1
MXH9,10:08:41,258658.7500,1
MXH9,10:08:41,243591.2500,5
MXH9,10:08:41,263681.2500,5
MXH9,10:08:45,263655.0000,1
MXH9,10:08:45,241056.0000,1
MXH9,10:08:45,258633.0000,1
MXH9,10:08:46,238521.2500,1
MXH9,10:08:46,243542.7500,1
MXH9,10:08:46,238521.2500,3
MXH9,10:08:46,238497.5000,1
MXH9,10:08:50,263628.7500,1
MXH9,10:08:50,241032.0000,3
MXH9,10:08:50,253585.7500,1
MXH9,10:08:50,253585.7500,1
MXH9,10:08:51,251100.0000,2
MXH9,10:08:51,258633.0000,1
MXH9,10:08:51,263655.0000,1
MXH9,10:08:51,258633.0000,1
MXH9,10:08:51,261144.0000,1
MXH9,10:08:51,246078.0000,1
MXH9,10:08:51,258633.0000,1
MXH9,10:08:51,256122.0000,1
MXH9,10:08:52,243567.0000,1
MXH9,10:08:55,248613.7500,1
MXH9,10:08:55,261170.0000,1
MXH9,10:09:03,261144.0000,1
MXH9,10:09:03,263628.7500,1
MXH9,10:09:03,256096.5000,2
MXH9,10:09:03,243542.7500,1
MXH9,10:09:16,263628.7500,1
MXH9,10:09:17,256122.0000,1
MXH9,10:09:19,258633.0000,1
MXH9,10:09:19,261144.0000,1
MXH9,10:09:19,246078.0000,1
MXH9,10:09:19,248564.2500,1
MXH9,10:09:19,261144.0000,1
MXH9,10:09:19,238545.0000,1
MXH9,10:09:19,238545.0000,1
MXH9,10:09:19,263655.0000,1
MXH9,10:09:20,253611.0000,1
MXH9,10:09:20,253611.0000,1
MXH9,10:09:45,258607.2500,1
MXH9,10:09:45,251075.0000,1
MXH9,10:09:46,261118.0000,1
MXH9,10:09:47,251075.0000,3
MXH9,10:09:47,253585.7500,1
MXH9,10:09:48,261118.0000,1
MXH9,10:09:48,258607.2500,1
MXH9,10:09:48,256096.5000,1
MXH9,10:09:48,243542.7500,1
MXH9,10:09:48,243542.7500,1
MXH9,10:09:51,238545.0000,1
MXH9,10:09:51,243567.0000,1
MXH9,10:09:58,253611.0000,1
MXH9,10:09:58,243567.0000,2
MXH9,10:09:58,261144.0000,1
MXH9,10:09:58,246053.5000,3
MXH9,10:09:58,253585.7500,3
MXH9,10:09:58,251075.0000,1
MXH9,10:10:00,261118.0000,2
MXH9,10:10:00,251075.0000,1
MXH9,10:10:00,238521.2500,2
MXH9,10:10:01,256096.5000,2
MXH9,10:10:01,263628.7500,3
MXH9,10:10:07,253585.7500,1
MXH9,10:10:07,256096.5000,1
MXH9,10:10:07,253611.0000,3
MXH9,10:10:07,241056.0000,1
MXH9,10:10:07,246078.0000,1
MXH9,10:10:07,243567.0000,1
MXH9,10:10:07,243567.0000,2
MXH9,10:10:07,256122.0000,3
MXH9,10:10:07,256122.0000,1
MXH9,10:10:07,256122.0000,2
MXH9,10:10:07,251100.0000,1
MXH9,10:10:07,246078.0000,1
MXH9,10:10:10,256096.5000,1
MXH9,10:10:19,248564.2500,3
MXH9,10:10:19,243518.5000,1
MXH9,10:10:19,246029.0000,1
MXH9,10:10:19,258581.5000,1
MXH9,10:10:20,263576.2500,1
MXH9,10:10:20,251025.0000,2
MXH9,10:10:20,240984.0000,3
MXH9,10:10:21,256045.5000,3
MXH9,10:10:21,240984.0000,2
MXH9,10:10:31,256020.0000,1
MXH9,10:10:31,238450.0000,1
MXH9,10:10:31,243470.0000,1
MXH9,10:10:31,258530.0000,1
MXH9,10:10:32,248490.0000,1
MXH9,10:10:32,245980.0000,1
MXH9,10:10:32,258530.0000,1
MXH9,10:10:36,263550.0000,1
MXH9,10:10:36,238450.0000,1
MXH9,10:10:36,263550.0000,1
MXH9,10:10:36,251000.0000,1
MXH9,10:10:36,245980.0000,2
MXH9,10:10:36,256020.0000,1
MXH9,10:10:42,248465.2500,1
MXH9,10:10:56,248440.5000,5
MXH9,10:10:56,253459.5000,2
MXH9,10:11:06,240888.0000,1
MXH9,10:11:06,238378.7500,2
MXH9,10:11:24,240912.0000,1
MXH9,10:11:33,263523.7500,1
MXH9,10:11:33,263550.0000,1
MXH9,10:11:33,248490.0000,3
MXH9,10:11:33,251025.0000,1
MXH9,10:11:35,245980.0000,1
MXH9,10:11:35,261040.0000,2
MXH9,10:11:36,251000.0000,1
MXH9,10:11:36,256020.0000,1
MXH9,10:11:36,243470.0000,1
MXH9,10:11:36,258530.0000,3
MXH9,10:11:36,245980.0000,1
MXH9,10:11:36,240960.0000,1
MXH9,10:11:36,243470.0000,2
MXH9,10:11:36,243470.0000,1
MXH9,10:11:36,258530.0000,1
MXH9,10:11:36,256020.0000,1
MXH9,10:11:36,256020.0000,1
MXH9,10:11:39,261066.0000,1
MXH9,10:11:40,256045.5000,1
MXH9,10:11:40,261066.0000,3
MXH9,10:11:57,261092.0000,3
MXH9,10:11:57,238497.5000,1
MXH9,10:11:57,261092.0000,2
MXH9,10:12:01,248564.2500,1
MXH9,10:12:01,256096.5000,1
MXH9,10:12:01,248564.2500,3
MXH9,10:12:04,261118.0000,3
MXH9,10:12:08,248539.5000,1
MXH9,10:12:08,248539.5000,2
MXH9,10:12:08,263602.5000,1
MXH9,10:12:10,243518.5000,1
MXH9,10:12:18,238521.2500,1
MXH9,10:12:33,258555.7500,2
MXH9,10:12:33,261066.0000,3
MXH9,10:12:33,253535.2500,3
MXH9,10:12:33,261066.0000,2
MXH9,10:12:33,246004.5000,1
MXH9,10:12:33,246004.5000,3
MXH9,10:12:33,251025.0000,3
MXH9,10:12:47,251025.0000,1
MXH9,10:12:52,258581.5000,1
MXH9,10:13:05,246004.5000,1
MXH9,10:13:10,256020.0000,3
MXH9,10:13:11,248465.2500,1
MXH9,10:13:15,250975.0000,2
MXH9,10:13:15,248465.2500,1
MXH9,10:13:20,258504.2500,2
MXH9,10:13:28,248465.2500,1
MXH9,10:13:31,243470.0000,1
MXH9,10:13:31,248490.0000,1
MXH9,10:13:34,238450.0000,1
MXH9,10:13:34,258530.0000,1
MXH9,10:13:34,263523.7500,1
MXH9,10:13:34,243445.7500,1
MXH9,10:13:34,263523.7500,2
MXH9,10:13:34,250975.0000,1
MXH9,10:13:34,261014.0000,1
MXH9,10:13:37,263576.2500,1
MXH9,10:13:37,261066.0000,1
MXH9,10:13:37,251025.0000,3
MXH9,10:13:37,256045.5000,1
MXH9,10:13:37,258555.7500,1
MXH9,10:13:42,256045.5000,1
MXH9,10:13:42,261066.0000,3
MXH9,10:13:42,251025.0000,1
MXH9,10:13:42,248539.5000,2
MXH9,10:13:42,243518.5000,1
MXH9,10:13:42,258607.2500,1
MXH9,10:13:44,251075.0000,1
MXH9,10:14:02,256020.0000,1
MXH9,10:14:02,261040.0000,1
MXH9,10:14:10,240936.0000,1
MXH9,10:14:11,245931.0000,1
MXH9,10:14:23,253484.7500,1
MXH9,10:14:36,240912.0000,1
MXH9,10:14:36,250950.0000,1
MXH9,10:14:53,238450.0000,1
MXH9,10:14:53,240960.0000,2
MXH9,10:14:53,238450.0000,2
MXH9,10:14:53,253510.0000,5
MXH9,10:14:53,263550.0000,1
MXH9,10:14:53,261040.0000,1
MXH9,10:14:59,243470.0000,1
MXH9,10:14:59,246004.5000,1
MXH9,10:15:02,243470.0000,2
MXH9,10:15:02,243470.0000,3
MXH9,10:15:05,253484.7500,1
MXH9,10:15:12,243470.0000,2
MXH9,10:15:12,258530.0000,3
MXH9,10:15:18,240960.0000,2
MXH9,10:15:19,255994.5000,1
MXH9,10:15:28,255969.0000,1
MXH9,10:15:40,263550.0000,1
MXH9,10:15:40,263550.0000,2
MXH9,10:15:40,256020.0000,2
MXH9,10:15:40,243470.0000,1
MXH9,10:15:40,263550.0000,1
MXH9,10:15:45,238473.7500,1
MXH9,10:15:47,251050.0000,1
MXH9,10:15:47,243518.5000,2
MXH9,10:15:47,243518.5000,1
MXH9,10:15:47,263602.5000,1
MXH9,10:15:47,243518.5000,1
MXH9,10:15:48,243542.7500,1
MXH9,10:15:51,253560.5000,1
MXH9,10:16:13,241008.0000,1
MXH9,10:16:13,261092.0000,1
MXH9,10:16:13,253585.7500,1
MXH9,10:16:13,261118.0000,1
MXH9,10:16:13,243542.7500,1
MXH9,10:16:17,241056.0000,1
MXH9,10:16:17,246078.0000,1
MXH9,10:16:17,238545.0000,1
MXH9,10:16:20,248589.0000,3
MXH9,10:16:22,238568.7500,1
MXH9,10:16:22,253636.2500,1
MXH9,10:16:22,256147.5000,3
MXH9,10:16:22,246127.0000,1
MXH9,10:16:23,238592.5000,1
MXH9,10:16:23,253661.5000,1
MXH9,10:16:23,258684.5000,1
MXH9,10:16:24,241080.0000,1
MXH9,10:16:24,263681.2500,1
MXH9,10:16:24,246102.5000,1
MXH9,10:16:24,263681.2500,1
MXH9,10:16:24,243591.2500,1
MXH9,10:16:24,256147.5000,1
MXH9,10:16:24,238568.7500,1
MXH9,10:16:25,261170.0000,1
MXH9,10:16:25,238568.7500,1
MXH9,10:16:25,263655.0000,1
MXH9,10:16:26,248589.0000,1
MXH9,10:16:26,261144.0000,1
MXH9,10:16:26,256122.0000,1
MXH9,10:16:27,256122.0000,1
MXH9,10:16:27,251100.0000,1
MXH9,10:16:28,243591.2500,1
MXH9,10:16:28,253636.2500,1
MXH9,10:16:28,256147.5000,1
MXH9,10:16:32,256147.5000,1
MXH9,10:16:32,263681.2500,1
MXH9,10:16:32,263681.2500,3
MXH9,10:16:33,248613.7500,1
MXH9,10:16:33,253636.2500,1
MXH9,10:16:33,253636.2500,1
MXH9,10:16:35,248613.7500,1
MXH9,10:16:35,263681.2500,1
MXH9,10:16:35,251125.0000,2
MXH9,10:16:35,256147.5000,1
MXH9,10:16:39,253636.2500,1
MXH9,10:16:39,261170.0000,1
MXH9,10:16:42,241056.0000,1
MXH9,10:16:42,261144.0000,2
MXH9,10:16:46,263681.2500,1
MXH9,10:17:02,253611.0000,1
MXH9,10:17:02,243567.0000,1
MXH9,10:17:02,241056.0000,1
MXH9,10:17:02,241056.0000,1
MXH9,10:17:22,253661.5000,1
MXH9,10:17:22,251150.0000,1
MXH9,10:17:22,253661.5000,1
MXH9,10:17:22,248638.5000,1
MXH9,10:17:32,241104.0000,1
MXH9,10:17:32,241104.0000,1
MXH9,10:17:42,243639.7500,1
MXH9,10:17:46,253686.7500,1
MXH9,10:17:49,261196.0000,1
MXH9,10:17:49,246127.0000,1
MXH9,10:17:49,246127.0000,1
MXH9,10:17:49,258684.5000,1
MXH9,10:17:49,261196.0000,2
MXH9,10:17:49,253661.5000,1
MXH9,10:17:49,246127.0000,1
MXH9,10:17:49,256173.0000,1
MXH9,10:17:49,251125.0000,1
MXH9,10:17:49,258658.7500,1
MXH9,10:17:51,241080.0000,1
MXH9,10:17:51,243591.2500,1
MXH9,10:17:56,258684.5000,1
MXH9,10:18:00,258710.2500,2
MXH9,10:18:00,243639.7500,1
MXH9,10:18:00,258710.2500,1
MXH9,10:18:00,253686.7500,3
MXH9,10:18:00,261222.0000,1
MXH9,10:18:01,258710.2500,2
MXH9,10:18:03,238616.2500,1
MXH9,10:18:04,238616.2500,1
MXH9,10:18:20,263733.7500,2
MXH9,10:18:20,246151.5000,1
MXH9,10:18:32,243639.7500,1
MXH9,10:18:34,256224.0000,1
MXH9,10:18:44,248688.0000,1
MXH9,10:18:59,243639.7500,1
MXH9,10:19:08,253661.5000,1
MXH9,10:19:08,248638.5000,1
MXH9,10:19:08,256173.0000,1
MXH9,10:19:08,251150.0000,1
MXH9,10:19:08,253661.5000,1
MXH9,10:19:08,251150.0000,1
MXH9,10:19:08,263707.5000,1
MXH9,10:19:08,251150.0000,1
MXH9,10:19:08,258684.5000,3
MXH9,10:19:08,243615.5000,1
MXH9,10:19:08,243615.5000,1
MXH9,10:19:08,238592.5000,2
MXH9,10:19:08,258684.5000,1
MXH9,10:19:19,241080.0000,1
MXH9,10:19:19,246102.5000,1
MXH9,10:19:19,251125.0000,1
MXH9,10:19:19,253636.2500,1
MXH9,10:19:34,253636.2500,1
MXH9,10:19:35,261196.0000,1
MXH9,10:19:35,258684.5000,1
MXH9,10:19:36,251150.0000,1
MXH9,10:19:36,261196.0000,1
MXH9,10:19:36,241104.0000,2
MXH9,10:19:36,261196.0000,1
MXH9,10:19:38,261222.0000,1
MXH9,10:19:54,246127.0000,3
MXH9,10:19:54,261196.0000,1
MXH9,10:19:54,251150.0000,1
MXH9,10:19:56,256173.0000,1
MXH9,10:19:57,263681.2500,1
MXH9,10:19:57,251125.0000,1
MXH9,10:19:57,241080.0000,1
MXH9,10:19:57,261170.0000,2
MXH9,10:19:57,263681.2500,1
MXH9,10:19:57,251125.0000,1
MXH9,10:19:57,251125.0000,1
MXH9,10:20:01,248589.0000,1
MXH9,10:20:02,241056.0000,1
MXH9,10:20:02,263655.0000,1
MXH9,10:20:02,241056.0000,1
MXH9,10:20:02,253611.0000,2
MXH9,10:20:02,253611.0000,1
MXH9,10:20:06,263681.2500,1
MXH9,10:20:06,263681.2500,1
MXH9,10:20:06,243591.2500,1
MXH9,10:20:09,256147.5000,1
MXH9,10:20:09,243591.2500,1
MXH9,10:20:12,253636.2500,1
MXH9,10:20:18,238568.7500,1
MXH9,10:20:19,258658.7500,1
MXH9,10:20:30,248638.5000,1
MXH9,10:20:30,256173.0000,1
MXH9,10:20:30,248638.5000,2
MXH9,10:20:30,256173.0000,3
MXH9,10:20:52,243567.0000,1
MXH9,10:20:52,238545.0000,1
MXH9,10:20:52,253611.0000,1
MXH9,10:21:00,263628.7500,1
MXH9,10:21:38,263602.5000,1
MXH9,10:21:55,241032.0000,2
MXH9,10:21:55,253585.7500,3
MXH9,10:22:00,261092.0000,1
MXH9,10:22:00,238497.5000,3
MXH9,10:22:00,241008.0000,1
MXH9,10:22:01,243494.2500,3
MXH9,10:22:01,240984.0000,1
MXH9,10:22:01,258555.7500,1
MXH9,10:22:01,248514.7500,1
MXH9,10:22:01,253535.2500,1
MXH9,10:22:04,261092.0000,1
MXH9,10:22:04,246029.0000,1
MXH9,10:22:04,241008.0000,1
MXH9,10:22:04,263628.7500,1
MXH9,10:22:04,238521.2500,1
MXH9,10:22:04,261144.0000,1
MXH9,10:22:04,251100.0000,2
MXH9,10:22:04,243567.0000,1
MXH9,10:22:04,251075.0000,1
MXH9,10:22:04,243542.7500,1
MXH9,10:22:04,241032.0000,1
MXH9,10:22:04,261144.0000,3
MXH9,10:22:04,258633.0000,2
MXH9,10:22:04,261144.0000,1
MXH9,10:22:10,241056.0000,1
MXH9,10:22:11,263655.0000,10
MXH9,10:22:11,248589.0000,2
MXH9,10:22:11,261144.0000,2
MXH9,10:22:11,258633.0000,2
MXH9,10:22:11,258633.0000,1
MXH9,10:22:11,261144.0000,1
MXH9,10:22:11,258633.0000,1
MXH9,10:22:13,251125.0000,1
MXH9,10:22:13,243591.2500,1
MXH9,10:22:13,248613.7500,1
MXH9,10:22:13,243591.2500,1
MXH9,10:22:13,246102.5000,1
MXH9,10:22:21,263655.0000,1
MXH9,10:22:22,253585.7500,1
MXH9,10:22:22,238521.2500,1
MXH9,10:22:28,248564.2500,1
MXH9,10:22:28,243542.7500,1
MXH9,10:22:28,238521.2500,3
MXH9,10:22:32,253585.7500,1
MXH9,10:22:32,258607.2500,1
MXH9,10:22:37,248564.2500,1
MXH9,10:22:39,261118.0000,1
MXH9,10:22:43,258633.0000,1
MXH9,10:22:43,248589.0000,1
MXH9,10:22:43,263655.0000,1
MXH9,10:23:07,251075.0000,1
MXH9,10:23:07,256122.0000,2
MXH9,10:23:07,263655.0000,2
MXH9,10:23:07,251100.0000,1
MXH9,10:23:07,238545.0000,1
MXH9,10:23:07,241056.0000,2
MXH9,10:23:11,256096.5000,1
MXH9,10:23:11,258607.2500,1
MXH9,10:23:13,248564.2500,1
MXH9,10:23:13,248539.5000,1
MXH9,10:23:16,248589.0000,1
MXH9,10:23:16,253636.2500,1
MXH9,10:23:17,251125.0000,3
MXH9,10:23:17,256122.0000,1
MXH9,10:23:17,263655.0000,3
MXH9,10:23:17,238545.0000,1
MXH9,10:23:17,253611.0000,1
MXH9,10:23:17,261144.0000,2
MXH9,10:23:17,258633.0000,2
MXH9,10:23:17,241056.0000,3
MXH9,10:23:17,243567.0000,1
MXH9,10:23:17,243567.0000,3
MXH9,10:23:24,251100.0000,1
MXH9,10:24:04,238521.2500,1
MXH9,10:24:14,263628.7500,1
MXH9,10:24:14,263628.7500,1
MXH9,10:24:14,243542.7500,3
MXH9,10:24:23,246078.0000,1
MXH9,10:24:23,251100.0000,1
MXH9,10:24:23,248589.0000,1
MXH9,10:24:24,256122.0000,1
MXH9,10:24:29,241056.0000,1
MXH9,10:24:41,251125.0000,1
MXH9,10:24:45,261196.0000,1
MXH9,10:24:45,246127.0000,1
MXH9,10:24:47,253661.5000,1
MXH9,10:25:20,263628.7500,1
MXH9,10:25:20,248589.0000,2
MXH9,10:25:54,258633.0000,1
MXH9,10:25:57,261118.0000,1
MXH9,10:26:06,263681.2500,1
MXH9,10:26:06,243591.2500,1
MXH9,10:26:10,251100.0000,1
MXH9,10:26:10,241056.0000,1
MXH9,10:26:11,251100.0000,1
MXH9,10:26:16,253636.2500,1
MXH9,10:26:16,246102.5000,1
MXH9,10:26:23,248613.7500,1
MXH9,10:26:44,246102.5000,1
MXH9,10:26:52,263681.2500,1
MXH9,10:27:51,248589.0000,1
MXH9,10:28:06,241056.0000,2
MXH9,10:28:06,251100.0000,1
MXH9,10:28:36,241080.0000,1
MXH9,10:28:43,238568.7500,1
MXH9,10:28:43,261170.0000,1
MXH9,10:28:50,241056.0000,1
MXH9,10:28:52,263628.7500,2
MXH9,10:28:52,253585.7500,1
MXH9,10:28:52,248564.2500,1
MXH9,10:28:52,263628.7500,1
MXH9,10:28:52,248564.2500,1
MXH9,10:29:39,256147.5000,1
MXH9,10:29:39,261170.0000,1
MXH9,10:30:19,256198.5000,1
MXH9,10:30:19,261222.0000,1
MXH9,10:30:19,263733.7500,1
MXH9,10:30:19,248663.2500,1
MXH9,10:30:24,248688.0000,10
MXH9,10:30:26,248712.7500,1
MXH9,10:30:26,263838.7500,2
MXH9,10:30:27,263786.2500,1
MXH9,10:30:27,238663.7500,1
MXH9,10:30:27,251225.0000,1
MXH9,10:30:41,261274.0000,1
MXH9,10:30:41,241200.0000,2
MXH9,10:30:41,238687.5000,1
MXH9,10:30:41,261300.0000,1
MXH9,10:30:41,243712.5000,1
MXH9,10:30:41,238687.5000,1
MXH9,10:30:41,256275.0000,1
MXH9,10:30:41,253762.5000,1
MXH9,10:30:42,246225.0000,1
MXH9,10:30:42,238687.5000,1
MXH9,10:30:43,243712.5000,3
MXH9,10:30:44,263838.7500,1
MXH9,10:30:44,238711.2500,1
MXH9,10:30:44,243736.7500,4
MXH9,10:30:44,241224.0000,2
MXH9,10:30:44,248762.2500,2
MXH9,10:30:52,248762.2500,2
MXH9,10:30:52,263812.5000,5
MXH9,10:30:59,238735.0000,3
MXH9,10:30:59,261352.0000,1
MXH9,10:30:59,256326.0000,1
MXH9,10:30:59,258839.0000,3
MXH9,10:30:59,248787.0000,1
MXH9,10:30:59,238735.0000,1
MXH9,10:30:59,248787.0000,2
MXH9,10:30:59,241248.0000,1
MXH9,10:30:59,243761.0000,1
MXH9,10:31:01,241248.0000,1
MXH9,10:31:01,243761.0000,3
MXH9,10:31:01,263865.0000,1
MXH9,10:31:02,251325.0000,1
MXH9,10:31:02,258864.7500,1
MXH9,10:31:02,258864.7500,1
MXH9,10:31:02,263891.2500,1
MXH9,10:31:04,253813.0000,1
MXH9,10:31:04,238735.0000,1
MXH9,10:31:04,261352.0000,1
MXH9,10:31:06,258839.0000,1
MXH9,10:31:06,258839.0000,1
MXH9,10:31:10,246274.0000,1
MXH9,10:31:10,248787.0000,1
MXH9,10:31:10,256326.0000,1
MXH9,10:31:10,258839.0000,3
MXH9,10:31:13,248762.2500,1
MXH9,10:31:13,248762.2500,1
MXH9,10:31:13,246249.5000,1
MXH9,10:31:13,253787.7500,1
MXH9,10:31:13,263838.7500,1
MXH9,10:31:17,258813.2500,1
MXH9,10:32:07,241224.0000,1
MXH9,10:32:07,261326.0000,2
MXH9,10:32:07,246249.5000,1
MXH9,10:32:24,241224.0000,2
MXH9,10:32:24,248762.2500,1
MXH9,10:32:24,251275.0000,2
MXH9,10:32:28,258787.5000,1
MXH9,10:32:30,256275.0000,1
MXH9,10:32:36,256249.5000,1
MXH9,10:32:36,248712.7500,1
MXH9,10:32:36,258761.7500,1
MXH9,10:32:36,253737.2500,2
MXH9,10:32:38,241176.0000,1
MXH9,10:32:38,253737.2500,1
MXH9,10:32:43,258761.7500,1
MXH9,10:32:54,251200.0000,1
MXH9,10:32:54,238640.0000,1
MXH9,10:32:54,248688.0000,2
MXH9,10:32:54,253712.0000,3
MXH9,10:32:54,253712.0000,2
MXH9,10:32:57,253712.0000,2
MXH9,10:33:02,256224.0000,2
MXH9,10:33:02,251200.0000,1
MXH9,10:33:02,246176.0000,1
MXH9,10:33:05,238616.2500,2
MXH9,10:33:09,253661.5000,1
MXH9,10:33:11,246127.0000,1
MXH9,10:33:12,251125.0000,1
MXH9,10:33:12,238568.7500,1
MXH9,10:33:14,243567.0000,3
MXH9,10:33:14,238545.0000,1
MXH9,10:33:14,258633.0000,1
MXH9,10:33:14,256122.0000,1
MXH9,10:33:14,246078.0000,1
MXH9,10:33:14,238545.0000,1
MXH9,10:33:14,251100.0000,1
MXH9,10:33:14,246078.0000,1
MXH9,10:33:14,261144.0000,1
MXH9,10:33:15,241032.0000,1
MXH9,10:33:15,261118.0000,2
MXH9,10:33:15,253585.7500,5
MXH9,10:33:15,261118.0000,5
MXH9,10:33:15,261118.0000,1
MXH9,10:33:20,243567.0000,1
MXH9,10:33:20,238545.0000,1
MXH9,10:33:20,238545.0000,1
MXH9,10:33:21,253611.0000,1
MXH9,10:33:23,243591.2500,1
MXH9,10:33:25,258633.0000,1
MXH9,10:33:26,256122.0000,1
MXH9,10:33:26,241056.0000,2
MXH9,10:33:26,243567.0000,1
MXH9,10:33:26,263655.0000,1
MXH9,10:33:27,263628.7500,1
MXH9,10:33:27,253585.7500,1
MXH9,10:33:27,261118.0000,1
MXH9,10:33:29,256096.5000,2
MXH9,10:33:29,251075.0000,1
MXH9,10:33:29,243542.7500,5
MXH9,10:33:35,263655.0000,2
MXH9,10:33:36,251075.0000,1
MXH9,10:33:36,253585.7500,1
MXH9,10:33:39,238545.0000,1
MXH9,10:33:39,238545.0000,1
MXH9,10:33:39,261144.0000,1
MXH9,10:33:41,251050.0000,2
MXH9,10:33:42,256045.5000,3
MXH9,10:33:43,243518.5000,1
MXH9,10:33:49,246029.0000,1
MXH9,10:33:50,248539.5000,3
MXH9,10:33:50,251050.0000,1
MXH9,10:33:50,238497.5000,1
MXH9,10:33:50,238497.5000,1
MXH9,10:33:50,248539.5000,1
MXH9,10:33:50,238497.5000,1
MXH9,10:33:50,256071.0000,2
MXH9,10:33:50,248539.5000,1
MXH9,10:33:50,261092.0000,1
MXH9,10:33:50,258581.5000,2
MXH9,10:33:50,253560.5000,1
MXH9,10:33:50,246029.0000,1
MXH9,10:33:51,251075.0000,1
MXH9,10:33:51,258607.2500,1
MXH9,10:33:51,238497.5000,1
MXH9,10:33:51,258607.2500,1
MXH9,10:33:59,256071.0000,1
MXH9,10:34:00,253585.7500,1
MXH9,10:34:07,261118.0000,1
MXH9,10:34:16,251050.0000,1
MXH9,10:34:16,256071.0000,1
MXH9,10:34:36,256147.5000,1
MXH9,10:34:42,256122.0000,1
MXH9,10:34:47,253611.0000,1
MXH9,10:34:48,248589.0000,13
MXH9,10:34:48,241056.0000,1
MXH9,10:35:08,246078.0000,1
MXH9,10:35:08,258633.0000,1
MXH9,10:35:19,248589.0000,2
MXH9,10:35:22,253611.0000,2
MXH9,10:35:27,241056.0000,1
MXH9,10:35:27,261144.0000,2
MXH9,10:35:27,241056.0000,1
MXH9,10:35:28,246102.5000,1
MXH9,10:35:28,256147.5000,1
MXH9,10:35:28,258658.7500,1
MXH9,10:35:28,238568.7500,1
MXH9,10:36:09,263707.5000,1
MXH9,10:36:18,251150.0000,1
MXH9,10:36:18,253661.5000,1
MXH9,10:36:32,251125.0000,1
MXH9,10:36:37,256147.5000,2
MXH9,10:36:37,253636.2500,1
MXH9,10:36:44,246102.5000,1
MXH9,10:37:08,246078.0000,1
MXH9,10:37:08,246078.0000,1
MXH9,10:37:10,238521.2500,2
MXH9,10:37:13,246053.5000,2
MXH9,10:37:17,253560.5000,1
MXH9,10:37:17,261092.0000,1
MXH9,10:37:19,243494.2500,1
MXH9,10:37:21,248539.5000,1
MXH9,10:37:25,241032.0000,1
MXH9,10:37:26,251075.0000,1
MXH9,10:37:26,238521.2500,1
MXH9,10:37:26,248564.2500,1
MXH9,10:37:26,253585.7500,1
MXH9,10:37:30,261066.0000,1
MXH9,10:37:30,261066.0000,1
MXH9,10:37:30,258530.0000,2
MXH9,10:37:30,261040.0000,3
MXH9,10:37:30,258530.0000,5
MXH9,10:37:30,248490.0000,1
MXH9,10:37:38,253535.2500,1
MXH9,10:37:38,263576.2500,1
MXH9,10:37:38,240984.0000,1
MXH9,10:37:39,251050.0000,1
MXH9,10:37:39,253560.5000,1
MXH9,10:37:50,261118.0000,3
MXH9,10:37:52,261092.0000,2
MXH9,10:37:52,253560.5000,1
MXH9,10:37:52,246029.0000,2
MXH9,10:38:12,238497.5000,1
MXH9,10:38:12,263602.5000,1
MXH9,10:38:30,258581.5000,1
MXH9,10:38:30,263602.5000,1
MXH9,10:38:48,238497.5000,1
MXH9,10:38:48,238473.7500,2
MXH9,10:38:48,258555.7500,1
MXH9,10:38:48,243494.2500,1
MXH9,10:38:48,258581.5000,1
MXH9,10:38:48,241008.0000,1
MXH9,10:38:48,241008.0000,1
MXH9,10:38:48,251050.0000,1
MXH9,10:38:48,263602.5000,2
MXH9,10:38:48,256071.0000,1
MXH9,10:38:51,263602.5000,3
MXH9,10:38:51,248539.5000,1
MXH9,10:38:51,256071.0000,2
MXH9,10:38:51,261092.0000,1
MXH9,10:38:55,261092.0000,1
MXH9,10:38:55,263602.5000,2
MXH9,10:38:56,263602.5000,1
MXH9,10:38:56,246029.0000,2
MXH9,10:39:00,240984.0000,1
MXH9,10:39:00,253535.2500,2
MXH9,10:39:00,246004.5000,1
MXH9,10:39:00,246004.5000,1
MXH9,10:39:02,240960.0000,2
MXH9,10:39:02,263550.0000,3
MXH9,10:39:03,240984.0000,1
MXH9,10:39:03,243494.2500,2
MXH9,10:39:07,261092.0000,1
MXH9,10:39:22,248514.7500,1
MXH9,10:39:22,253535.2500,1
MXH9,10:39:22,248514.7500,1
MXH9,10:39:22,256045.5000,3
MXH9,10:39:22,240984.0000,1
MXH9,10:39:34,251050.0000,2
MXH9,10:39:34,238497.5000,1
MXH9,10:39:42,256045.5000,1
MXH9,10:39:42,263576.2500,3
MXH9,10:39:46,248539.5000,2
MXH9,10:39:49,248564.2500,1
MXH9,10:40:20,251000.0000,2
MXH9,10:40:20,248490.0000,1
MXH9,10:40:20,251000.0000,1
MXH9,10:40:20,240960.0000,1
MXH9,10:40:20,263550.0000,2
MXH9,10:40:20,243470.0000,1
MXH9,10:40:20,245980.0000,1
MXH9,10:40:20,251000.0000,1
MXH9,10:40:20,256020.0000,1
MXH9,10:40:20,243470.0000,1
MXH9,10:40:21,255994.5000,2
MXH9,10:40:21,258504.2500,1
MXH9,10:40:21,258504.2500,1
MXH9,10:40:21,245955.5000,1
MXH9,10:40:21,263523.7500,4
MXH9,10:40:21,243445.7500,1
MXH9,10:40:21,245955.5000,2
MXH9,10:40:21,238426.2500,3
MXH9,10:40:21,250975.0000,2
MXH9,10:40:22,240936.0000,1
MXH9,10:40:22,250975.0000,1
MXH9,10:40:22,253484.7500,1
MXH9,10:40:22,263523.7500,1
MXH9,10:40:22,250975.0000,1
MXH9,10:40:22,245955.5000,1
MXH9,10:40:22,263523.7500,1
MXH9,10:40:22,255994.5000,1
MXH9,10:40:22,250975.0000,2
MXH9,10:40:22,243445.7500,1
MXH9,10:40:22,240936.0000,1
MXH9,10:40:23,243445.7500,1
MXH9,10:40:23,255994.5000,1
MXH9,10:40:23,245955.5000,1
MXH9,10:40:25,238450.0000,1
MXH9,10:40:28,248490.0000,3
MXH9,10:40:35,241008.0000,2
MXH9,10:40:36,256071.0000,1
MXH9,10:40:36,243518.5000,1
MXH9,10:40:39,238497.5000,2
MXH9,10:40:39,241008.0000,3
MXH9,10:40:40,261092.0000,1
MXH9,10:40:40,256071.0000,1
MXH9,10:40:41,251050.0000,1
MXH9,10:40:41,251050.0000,3
MXH9,10:40:41,241008.0000,1
MXH9,10:40:41,253560.5000,1
MXH9,10:40:42,248564.2500,1
MXH9,10:40:42,251075.0000,1
MXH9,10:40:42,263628.7500,4
MXH9,10:40:42,243542.7500,1
MXH9,10:40:42,243542.7500,1
MXH9,10:40:45,258607.2500,1
MXH9,10:40:51,241056.0000,1
MXH9,10:40:51,246078.0000,1
MXH9,10:40:51,243567.0000,1
MXH9,10:40:51,256122.0000,1
MXH9,10:40:51,263655.0000,1
MXH9,10:40:51,251100.0000,1
MXH9,10:40:52,261170.0000,1
MXH9,10:40:52,248613.7500,1
MXH9,10:40:52,248613.7500,1
MXH9,10:40:52,246102.5000,4
MXH9,10:40:52,251125.0000,1
MXH9,10:40:53,258658.7500,4
MXH9,10:40:53,248613.7500,2
MXH9,10:40:53,253611.0000,1
MXH9,10:40:53,258633.0000,1
MXH9,10:40:53,263655.0000,1
MXH9,10:40:53,261144.0000,1
MXH9,10:40:53,248589.0000,1
MXH9,10:40:55,251125.0000,1
MXH9,10:40:55,263681.2500,1
MXH9,10:40:55,241080.0000,3
MXH9,10:40:55,263681.2500,5
MXH9,10:40:55,238568.7500,2
MXH9,10:40:55,253636.2500,2
MXH9,10:40:55,256147.5000,1
MXH9,10:40:55,261170.0000,1
MXH9,10:40:55,248613.7500,1
MXH9,10:40:55,263681.2500,2
MXH9,10:40:55,243591.2500,1
MXH9,10:40:57,238592.5000,1
MXH9,10:40:57,258684.5000,1
MXH9,10:40:57,238592.5000,1
MXH9,10:40:57,248638.5000,1
MXH9,10:40:57,248638.5000,1
MXH9,10:40:57,261196.0000,2
MXH9,10:40:58,261196.0000,1
MXH9,10:41:01,256198.5000,2
MXH9,10:41:01,256198.5000,1
MXH9,10:41:01,261222.0000,1
MXH9,10:41:11,261196.0000,1
MXH9,10:41:11,243615.5000,1
MXH9,10:41:11,261196.0000,2
MXH9,10:41:11,253661.5000,1
MXH9,10:41:11,238592.5000,1
MXH9,10:41:11,238592.5000,1
MXH9,10:41:11,251125.0000,1
MXH9,10:41:21,261196.0000,1
MXH9,10:41:32,261222.0000,3
MXH9,10:41:32,243639.7500,1
MXH9,10:41:51,241104.0000,1
MXH9,10:41:55,263707.5000,1
MXH9,10:41:55,261170.0000,1
MXH9,10:41:55,238568.7500,1
MXH9,10:41:55,251125.0000,1
MXH9,10:42:01,251150.0000,1
MXH9,10:42:05,253636.2500,1
MXH9,10:42:19,248663.2500,1
MXH9,10:42:19,261222.0000,2
MXH9,10:42:19,243639.7500,3
MXH9,10:42:38,253661.5000,2
MXH9,10:42:39,238616.2500,1
MXH9,10:42:39,246151.5000,1
MXH9,10:42:39,246151.5000,2
MXH9,10:42:39,238616.2500,1
MXH9,10:42:39,238616.2500,1
MXH9,10:42:39,246127.0000,2
MXH9,10:42:42,246151.5000,2
MXH9,10:42:42,261222.0000,1
MXH9,10:42:57,246127.0000,1
MXH9,10:42:57,248638.5000,2
MXH9,10:42:57,256173.0000,1
MXH9,10:42:57,261196.0000,2
MXH9,10:42:58,251150.0000,1
MXH9,10:42:58,251150.0000,1
MXH9,10:42:58,241104.0000,1
MXH9,10:43:00,251175.0000,1
MXH9,10:43:01,258710.2500,2
MXH9,10:43:01,256198.5000,1
MXH9,10:43:11,238592.5000,1
MXH9,10:43:11,241104.0000,1
MXH9,10:43:11,248638.5000,1
MXH9,10:43:11,251150.0000,1
MXH9,10:43:28,263707.5000,1
MXH9,10:43:49,253636.2500,2
MXH9,10:43:49,238568.7500,1
MXH9,10:43:49,253636.2500,1
MXH9,10:43:50,263681.2500,2
MXH9,10:43:56,238592.5000,1
MXH9,10:43:58,246102.5000,1
MXH9,10:43:58,261170.0000,2
MXH9,10:43:58,258658.7500,1
MXH9,10:43:58,256147.5000,2
MXH9,10:43:58,241104.0000,1
MXH9,10:44:02,253636.2500,1
MXH9,10:44:10,253636.2500,1
MXH9,10:44:10,261170.0000,1
MXH9,10:44:35,246102.5000,1
MXH9,10:44:55,261144.0000,1
MXH9,10:44:57,243615.5000,1
MXH9,10:44:57,251150.0000,1
MXH9,10:44:57,261196.0000,1
MXH9,10:45:08,248638.5000,1
MXH9,10:45:08,251150.0000,4
MXH9,10:45:13,238592.5000,1
MXH9,10:45:13,243615.5000,1
MXH9,10:45:13,253661.5000,1
MXH9,10:45:13,263707.5000,1
MXH9,10:45:13,251150.0000,1
MXH9,10:45:13,263707.5000,1
MXH9,10:45:13,258684.5000,1
MXH9,10:45:18,258684.5000,5
MXH9,10:45:20,253661.5000,1
MXH9,10:45:28,261196.0000,1
MXH9,10:45:32,263733.7500,1
MXH9,10:45:47,251175.0000,1
MXH9,10:45:47,238616.2500,3
MXH9,10:46:25,263733.7500,1
MXH9,10:46:25,261222.0000,1
MXH9,10:46:35,258710.2500,2
MXH9,10:46:47,263733.7500,1
MXH9,10:46:47,263733.7500,1
MXH9,10:46:47,243639.7500,1
MXH9,10:46:47,246151.5000,1
MXH9,10:46:47,263733.7500,1
MXH9,10:47:34,253661.5000,1
MXH9,10:47:34,238592.5000,3
MXH9,10:47:34,238592.5000,2
MXH9,10:47:34,243615.5000,2
MXH9,10:47:34,261196.0000,2
MXH9,10:47:34,241104.0000,1
MXH9,10:47:34,253661.5000,1
MXH9,10:47:34,253661.5000,2
MXH9,10:48:12,256173.0000,1
MXH9,10:48:14,258658.7500,3
MXH9,10:48:14,243591.2500,2
MXH9,10:48:20,248589.0000,3
MXH9,10:48:20,253611.0000,3
MXH9,10:48:32,243567.0000,4
MXH9,10:48:32,263628.7500,3
MXH9,10:48:33,251075.0000,1
MXH9,10:48:33,243542.7500,2
MXH9,10:48:33,256096.5000,2
MXH9,10:48:33,243542.7500,1
MXH9,10:48:33,246053.5000,2
MXH9,10:48:33,256096.5000,1
MXH9,10:48:33,246053.5000,2
MXH9,10:48:33,253585.7500,1
MXH9,10:48:33,243542.7500,1
MXH9,10:48:33,241008.0000,3
MXH9,10:48:34,246029.0000,1
MXH9,10:48:34,263602.5000,1
MXH9,10:48:34,258581.5000,1
MXH9,10:48:34,253560.5000,1
MXH9,10:48:42,261092.0000,1
MXH9,10:48:42,256071.0000,1
MXH9,10:48:42,241008.0000,1
MXH9,10:48:42,248539.5000,1
MXH9,10:48:42,258581.5000,1
MXH9,10:48:42,258581.5000,1
MXH9,10:48:42,261092.0000,1
MXH9,10:48:42,253560.5000,1
MXH9,10:48:42,238497.5000,1
MXH9,10:48:59,238521.2500,2
MXH9,10:48:59,256096.5000,1
MXH9,10:48:59,253585.7500,1
MXH9,10:48:59,251075.0000,2
MXH9,10:49:01,241032.0000,1
MXH9,10:49:01,256096.5000,1
MXH9,10:49:01,256096.5000,1
MXH9,10:49:08,256096.5000,2
MXH9,10:49:10,263628.7500,3
MXH9,10:49:17,248589.0000,1
MXH9,10:49:17,238545.0000,1
MXH9,10:49:17,258633.0000,2
MXH9,10:49:17,256122.0000,1
MXH9,10:49:18,253611.0000,3
MXH9,10:49:18,251100.0000,1
MXH9,10:49:19,251100.0000,1
MXH9,10:49:19,238545.0000,1
MXH9,10:49:19,256147.5000,1
MXH9,10:49:19,246102.5000,1
MXH9,10:49:29,248638.5000,3
MXH9,10:49:29,243615.5000,2
MXH9,10:49:30,263733.7500,3
MXH9,10:49:35,246127.0000,1
MXH9,10:49:35,238592.5000,1
MXH9,10:49:48,261196.0000,2
MXH9,10:49:48,256173.0000,1
MXH9,10:49:48,246127.0000,2
MXH9,10:49:48,248638.5000,1
MXH9,10:49:49,238592.5000,1
MXH9,10:49:49,256173.0000,1
MXH9,10:50:02,251150.0000,1
MXH9,10:50:02,243615.5000,1
MXH9,10:50:49,248712.7500,1
MXH9,10:50:50,248712.7500,1
MXH9,10:50:53,246225.0000,1
MXH9,10:50:53,261300.0000,1
MXH9,10:50:53,246225.0000,1
MXH9,10:50:53,243712.5000,2
MXH9,10:50:53,253762.5000,3
MXH9,10:50:53,246225.0000,1
MXH9,10:50:54,261300.0000,2
MXH9,10:50:54,238687.5000,1
MXH9,10:50:54,251250.0000,1
MXH9,10:50:56,253787.7500,1
MXH9,10:50:56,253787.7500,1
MXH9,10:50:56,258813.2500,1
MXH9,10:50:56,251275.0000,1
MXH9,10:51:02,256326.0000,1
MXH9,10:51:02,261352.0000,5
MXH9,10:51:02,238735.0000,2
MXH9,10:51:02,248762.2500,1
MXH9,10:51:02,238711.2500,1
MXH9,10:51:02,248762.2500,2
MXH9,10:51:02,238711.2500,1
MXH9,10:51:02,263838.7500,2
MXH9,10:51:05,246274.0000,3
MXH9,10:51:05,251300.0000,2
MXH9,10:51:05,243761.0000,3
MXH9,10:51:05,251300.0000,1
MXH9,10:51:05,241248.0000,1
MXH9,10:51:05,241248.0000,1
MXH9,10:51:07,246225.0000,1
MXH9,10:51:07,243712.5000,1
MXH9,10:51:07,251250.0000,1
MXH9,10:51:10,251250.0000,2
MXH9,10:51:10,248737.5000,1
MXH9,10:51:10,246225.0000,1
MXH9,10:51:10,261300.0000,1
MXH9,10:51:10,253762.5000,2
MXH9,10:51:10,248737.5000,1
MXH9,10:51:10,238687.5000,2
MXH9,10:51:10,251250.0000,1
MXH9,10:51:13,251250.0000,1
MXH9,10:51:13,256275.0000,1
MXH9,10:51:13,241200.0000,2
MXH9,10:51:13,263812.5000,1
MXH9,10:51:13,258787.5000,2
MXH9,10:51:20,246225.0000,1
MXH9,10:51:21,263786.2500,1
MXH9,10:51:28,248737.5000,1
MXH9,10:51:29,253787.7500,1
MXH9,10:51:31,238711.2500,1
MXH9,10:51:32,261326.0000,1
MXH9,10:51:33,263838.7500,1
MXH9,10:51:35,253762.5000,1
MXH9,10:51:38,251250.0000,1
MXH9,10:51:41,256275.0000,1
MXH9,10:51:44,241200.0000,1
MXH9,10:51:45,261326.0000,1
MXH9,10:51:53,238687.5000,1
MXH9,10:51:53,251250.0000,2
MXH9,10:51:53,241200.0000,6
MXH9,10:51:53,261300.0000,1
MXH9,10:51:53,243712.5000,3
MXH9,10:51:53,261300.0000,1
MXH9,10:51:53,238687.5000,4
MXH9,10:51:53,243712.5000,3
MXH9,10:51:53,248737.5000,1
MXH9,10:51:54,243688.2500,1
MXH9,10:51:56,251225.0000,1
MXH9,10:51:56,251225.0000,2
MXH9,10:51:56,246200.5000,1
MXH9,10:51:56,238663.7500,1
MXH9,10:51:56,256249.5000,1
MXH9,10:51:56,243664.0000,1
MXH9,10:52:03,246200.5000,1
MXH9,10:52:04,246176.0000,1
MXH9,10:52:07,258787.5000,1
MXH9,10:52:29,263812.5000,1
MXH9,10:52:30,261300.0000,1
MXH9,10:52:34,248712.7500,1
MXH9,10:53:08,243712.5000,1
MXH9,10:53:11,243712.5000,1
MXH9,10:53:19,246249.5000,2
MXH9,10:53:19,251275.0000,1
MXH9,10:53:19,238711.2500,2
MXH9,10:53:19,261326.0000,2
MXH9,10:53:19,251300.0000,2
MXH9,10:53:19,258839.0000,3
MXH9,10:53:19,253813.0000,2
MXH9,10:53:19,263865.0000,2
MXH9,10:53:19,261352.0000,1
MXH9,10:53:19,263865.0000,3
MXH9,10:53:19,261352.0000,1
MXH9,10:53:19,256326.0000,1
MXH9,10:53:19,243761.0000,1
MXH9,10:53:19,253813.0000,2
MXH9,10:53:19,261352.0000,9
MXH9,10:54:20,248787.0000,1
MXH9,10:54:20,246274.0000,3
MXH9,10:54:20,238735.0000,1
MXH9,10:54:20,246274.0000,1
MXH9,10:54:20,248787.0000,2
MXH9,10:54:20,248787.0000,2
MXH9,10:54:41,261352.0000,1
MXH9,10:54:48,241272.0000,1
MXH9,10:54:53,246274.0000,2
MXH9,10:54:53,248787.0000,1
MXH9,10:54:53,248787.0000,1
MXH9,10:54:57,258839.0000,1
MXH9,10:54:57,246274.0000,1
MXH9,10:54:59,263865.0000,1
MXH9,10:54:59,261352.0000,2
MXH9,10:54:59,256326.0000,1
MXH9,10:55:00,253813.0000,1
MXH9,10:55:00,251300.0000,1
MXH9,10:55:00,253813.0000,1
MXH9,10:55:00,241248.0000,1
MXH9,10:55:06,241248.0000,1
MXH9,10:55:07,256351.5000,1
MXH9,10:55:08,238782.5000,1
MXH9,10:55:08,238782.5000,1
MXH9,10:55:08,251350.0000,3
MXH9,10:55:09,263891.2500,3
MXH9,10:55:09,263891.2500,1
MXH9,10:55:17,241272.0000,1
MXH9,10:55:21,261404.0000,1
MXH9,10:55:25,253863.5000,1
MXH9,10:55:31,243809.5000,1
MXH9,10:55:31,261404.0000,1
MXH9,10:55:31,258890.5000,1
MXH9,10:55:32,243833.7500,1
MXH9,10:55:32,246347.5000,1
MXH9,10:55:36,258890.5000,1
MXH9,10:55:36,238782.5000,1
MXH9,10:55:36,251350.0000,1
MXH9,10:55:40,263943.7500,1
MXH9,10:55:41,241296.0000,1
MXH9,10:55:46,246298.5000,1
MXH9,10:55:47,261378.0000,1
MXH9,10:55:47,258839.0000,1
MXH9,10:55:47,263865.0000,1
MXH9,10:55:47,258839.0000,1
MXH9,10:55:47,241272.0000,1
MXH9,10:55:47,246298.5000,1
MXH9,10:55:49,258890.5000,1
MXH9,10:55:54,263943.7500,1
MXH9,10:56:01,243833.7500,1
MXH9,10:56:02,253914.0000,1
MXH9,10:56:02,263943.7500,1
MXH9,10:56:02,243858.0000,1
MXH9,10:56:04,243858.0000,1
MXH9,10:56:04,243858.0000,1
MXH9,10:56:04,263970.0000,1
MXH9,10:56:05,263970.0000,1
MXH9,10:56:05,241344.0000,1
MXH9,10:56:05,263970.0000,1
MXH9,10:56:05,248886.0000,1
MXH9,10:56:05,243858.0000,1
MXH9,10:56:06,243882.2500,1
MXH9,10:56:06,241344.0000,1
MXH9,10:56:09,258942.0000,1
MXH9,10:56:09,246396.5000,1
MXH9,10:56:11,251400.0000,1
MXH9,10:56:12,253914.0000,1
MXH9,10:56:22,246347.5000,1
MXH9,10:56:22,246347.5000,1
MXH9,10:56:31,246347.5000,1
MXH9,10:56:32,243833.7500,2
MXH9,10:56:38,241344.0000,1
MXH9,10:56:41,263943.7500,1
MXH9,10:56:41,258916.2500,1
MXH9,10:56:42,256428.0000,1
MXH9,10:56:42,256428.0000,1
MXH9,10:56:42,253914.0000,3
MXH9,10:56:42,246372.0000,1
MXH9,10:56:42,238830.0000,1
MXH9,10:56:46,243833.7500,1
MXH9,10:56:47,241320.0000,1
MXH9,10:56:47,238806.2500,1
MXH9,10:56:48,256402.5000,1
MXH9,10:56:49,263943.7500,1
MXH9,10:56:51,238830.0000,1
MXH9,10:56:55,261456.0000,2
MXH9,10:56:55,246372.0000,1
MXH9,10:56:55,251400.0000,2
MXH9,10:56:59,261456.0000,1
MXH9,10:56:59,243858.0000,1
MXH9,10:56:59,256428.0000,3
MXH9,10:56:59,243858.0000,1
MXH9,10:56:59,261456.0000,1
MXH9,10:56:59,256428.0000,1
MXH9,10:57:05,238806.2500,1
MXH9,10:57:05,243833.7500,1
MXH9,10:57:08,256402.5000,1
MXH9,10:57:09,246347.5000,1
MXH9,10:57:09,248861.2500,1
MXH9,10:57:10,263943.7500,1
MXH9,10:57:10,251375.0000,1
MXH9,10:57:12,261404.0000,1
MXH9,10:57:14,261404.0000,1
MXH9,10:57:14,256377.0000,1
MXH9,10:57:14,256377.0000,2
MXH9,10:57:14,261404.0000,1
MXH9,10:57:14,263917.5000,2
MXH9,10:57:14,256377.0000,1
MXH9,10:57:14,243809.5000,1
MXH9,10:57:14,261404.0000,1
MXH9,10:57:15,263917.5000,2
MXH9,10:57:15,241296.0000,3
MXH9,10:57:17,246323.0000,1
MXH9,10:57:17,261404.0000,2
MXH9,10:57:17,243809.5000,1
MXH9,10:57:20,253863.5000,1
MXH9,10:57:20,261404.0000,1
MXH9,10:57:20,246323.0000,1
MXH9,10:57:24,258890.5000,1
MXH9,10:57:32,238758.7500,2
MXH9,10:57:32,251325.0000,2
MXH9,10:57:32,246298.5000,1
MXH9,10:57:32,253838.2500,1
MXH9,10:57:39,251325.0000,1
MXH9,10:57:39,251325.0000,1
MXH9,10:57:39,251325.0000,1
MXH9,10:57:39,238758.7500,1
MXH9,10:57:39,256351.5000,4
MXH9,10:57:39,258864.7500,2
MXH9,10:57:39,241272.0000,2
MXH9,10:57:39,263891.2500,2
MXH9,10:57:39,256351.5000,2
MXH9,10:57:39,261378.0000,2
MXH9,10:57:39,261378.0000,2
MXH9,10:57:39,251325.0000,2
MXH9,10:57:39,238758.7500,1
MXH9,10:57:41,246274.0000,2
MXH9,10:57:41,256326.0000,2
MXH9,10:57:41,243761.0000,2
MXH9,10:57:41,246274.0000,1
MXH9,10:57:41,263865.0000,1
MXH9,10:57:41,248787.0000,1
MXH9,10:57:41,253813.0000,1
MXH9,10:57:41,263865.0000,1
MXH9,10:57:41,256326.0000,2
MXH9,10:57:41,263865.0000,3
MXH9,10:57:41,258839.0000,6
MXH9,10:57:42,258839.0000,1
MXH9,10:57:42,263865.0000,1
MXH9,10:57:42,246274.0000,1
MXH9,10:57:42,248787.0000,1
MXH9,10:57:42,243761.0000,1
MXH9,10:57:42,258839.0000,1
MXH9,10:57:42,243761.0000,1
MXH9,10:57:42,243761.0000,1
MXH9,10:57:43,256326.0000,2
MXH9,10:57:43,248762.2500,1
MXH9,10:57:43,263838.7500,1
MXH9,10:57:44,261300.0000,1
MXH9,10:58:08,241248.0000,1
MXH9,10:58:42,258916.2500,1
MXH9,10:58:44,238782.5000,1
MXH9,10:58:46,251375.0000,1
MXH9,10:58:46,243833.7500,1
MXH9,10:58:46,261430.0000,1
MXH9,10:58:48,248886.0000,3
MXH9,10:58:48,248886.0000,1
MXH9,10:58:48,263970.0000,1
MXH9,10:58:48,261456.0000,5
MXH9,10:58:48,248886.0000,1
MXH9,10:58:48,246372.0000,1
MXH9,10:58:48,256428.0000,2
MXH9,10:58:48,248886.0000,1
MXH9,10:58:48,248886.0000,2
MXH9,10:58:48,248886.0000,3
MXH9,10:58:48,243809.5000,1
MXH9,10:58:48,258890.5000,1
MXH9,10:58:48,263917.5000,1
MXH9,10:58:48,261404.0000,1
MXH9,10:58:48,263943.7500,1
MXH9,10:58:51,241296.0000,1
MXH9,10:58:51,241296.0000,1
MXH9,10:58:51,261404.0000,1
MXH9,10:58:51,258916.2500,1
MXH9,10:58:51,241320.0000,1
MXH9,10:58:51,261430.0000,1
MXH9,10:58:51,258916.2500,2
MXH9,10:58:52,261430.0000,1
MXH9,10:58:52,246347.5000,3
MXH9,10:59:00,256377.0000,1
MXH9,10:59:38,263891.2500,1
MXH9,10:59:38,261378.0000,1
MXH9,10:59:38,246298.5000,1
MXH9,10:59:38,258864.7500,3
MXH9,10:59:38,246298.5000,2
MXH9,10:59:38,241272.0000,12
MXH9,11:00:00,256326.0000,1
MXH9,11:00:00,253813.0000,1
MXH9,11:00:01,253813.0000,1
MXH9,11:00:01,238735.0000,1
MXH9,11:00:22,251325.0000,1
MXH9,11:00:22,258864.7500,1
MXH9,11:00:22,263891.2500,1
MXH9,11:00:27,238711.2500,1
MXH9,11:00:29,256275.0000,1
MXH9,11:00:49,246274.0000,1
MXH9,11:00:50,241224.0000,1
MXH9,11:00:50,243736.7500,1
MXH9,11:00:51,241248.0000,1
MXH9,11:00:51,238735.0000,18
MXH9,11:00:54,258890.5000,1
MXH9,11:00:55,243809.5000,1
MXH9,11:00:55,238782.5000,1
MXH9,11:00:56,241320.0000,3
MXH9,11:00:56,256402.5000,5
MXH9,11:00:56,246347.5000,5
MXH9,11:00:56,238806.2500,1
MXH9,11:00:57,261456.0000,1
MXH9,11:00:57,243858.0000,5
MXH9,11:00:57,251400.0000,2
MXH9,11:00:57,258942.0000,3
MXH9,11:00:57,248886.0000,2
MXH9,11:00:57,248861.2500,1
MXH9,11:00:58,241320.0000,1
MXH9,11:00:59,238806.2500,1
MXH9,11:00:59,241320.0000,1
MXH9,11:00:59,241320.0000,1
MXH9,11:01:00,256402.5000,1
MXH9,11:01:00,238806.2500,1
MXH9,11:01:00,243833.7500,1
MXH9,11:01:00,256402.5000,1
MXH9,11:01:00,238806.2500,1
MXH9,11:01:01,241320.0000,1
MXH9,11:01:01,246347.5000,1
MXH9,11:01:01,238806.2500,1
MXH9,11:01:01,246347.5000,1
MXH9,11:01:01,238806.2500,1
MXH9,11:01:02,253888.7500,3
MXH9,11:01:02,241320.0000,1
MXH9,11:01:02,241320.0000,1
MXH9,11:01:02,253888.7500,1
MXH9,11:01:02,243833.7500,1
MXH9,11:01:02,243833.7500,1
MXH9,11:01:03,263917.5000,1
MXH9,11:01:05,263943.7500,1
MXH9,11:01:06,256428.0000,2
MXH9,11:01:06,238830.0000,1
MXH9,11:01:06,256428.0000,5
MXH9,11:01:06,253914.0000,1
MXH9,11:01:06,256428.0000,2
MXH9,11:01:06,263970.0000,1
MXH9,11:01:06,243858.0000,2
MXH9,11:01:06,258942.0000,1
MXH9,11:01:06,263970.0000,2
MXH9,11:01:06,251400.0000,4
MXH9,11:01:06,251400.0000,1
MXH9,11:01:07,238830.0000,1
MXH9,11:01:07,261456.0000,2
MXH9,11:01:07,253914.0000,2
MXH9,11:01:07,243858.0000,16
MXH9,11:01:07,261456.0000,5
MXH9,11:01:07,238830.0000,3
MXH9,11:01:07,251400.0000,2
MXH9,11:01:07,248886.0000,1
MXH9,11:01:07,248886.0000,1
MXH9,11:01:07,246372.0000,1
MXH9,11:01:07,261456.0000,2
MXH9,11:01:07,251400.0000,5
MXH9,11:01:07,258942.0000,5
MXH9,11:01:07,251400.0000,1
MXH9,11:01:07,263970.0000,4
MXH9,11:01:07,256428.0000,1
MXH9,11:01:07,238830.0000,1
MXH9,11:01:07,256428.0000,2
MXH9,11:01:07,251400.0000,1
MXH9,11:01:07,246372.0000,1
MXH9,11:01:07,253914.0000,1
MXH9,11:01:07,263970.0000,2
MXH9,11:01:07,251400.0000,1
MXH9,11:01:07,238830.0000,5
MXH9,11:01:07,263996.2500,1
MXH9,11:01:07,264022.5000,1
MXH9,11:01:07,238877.5000,1
MXH9,11:01:07,251450.0000,1
MXH9,11:01:08,241368.0000,1
MXH9,11:01:08,251425.0000,1
MXH9,11:01:08,261482.0000,1
MXH9,11:01:08,258967.7500,1
MXH9,11:01:08,238877.5000,4
MXH9,11:01:08,238877.5000,5
MXH9,11:01:08,256479.0000,2
MXH9,11:01:08,243906.5000,2
MXH9,11:01:08,243906.5000,1
MXH9,11:01:08,251450.0000,3
MXH9,11:01:08,238877.5000,1
MXH9,11:01:08,258993.5000,1
MXH9,11:01:08,256479.0000,2
MXH9,11:01:08,238901.2500,9
MXH9,11:01:09,258967.7500,1
MXH9,11:01:15,251450.0000,1
MXH9,11:01:16,246396.5000,1
MXH9,11:01:16,261482.0000,1
MXH9,11:01:16,251425.0000,2
MXH9,11:01:16,256479.0000,4
MXH9,11:01:16,253964.5000,5
MXH9,11:01:16,238877.5000,5
MXH9,11:01:16,264022.5000,3
MXH9,11:01:17,264022.5000,2
MXH9,11:01:17,261508.0000,5
MXH9,11:01:17,246421.0000,2
MXH9,11:01:17,238877.5000,5
MXH9,11:01:17,261508.0000,1
MXH9,11:01:17,246421.0000,2
MXH9,11:01:17,256479.0000,4
MXH9,11:01:19,256453.5000,3
MXH9,11:01:19,256453.5000,1
MXH9,11:01:19,253939.2500,1
MXH9,11:01:20,261508.0000,1
MXH9,11:01:20,238877.5000,5
MXH9,11:01:20,256479.0000,5
MXH9,11:01:20,241392.0000,5
MXH9,11:01:20,238877.5000,1
MXH9,11:01:32,253939.2500,1
MXH9,11:01:54,261456.0000,1
MXH9,11:02:19,248861.2500,1
MXH9,11:02:19,256402.5000,1
MXH9,11:02:19,246347.5000,3
MXH9,11:02:19,241320.0000,1
MXH9,11:02:19,246347.5000,1
MXH9,11:02:19,248861.2500,3
MXH9,11:02:20,248836.5000,2
MXH9,11:02:20,243809.5000,1
MXH9,11:02:20,256377.0000,1
MXH9,11:02:20,261404.0000,1
MXH9,11:02:20,261404.0000,1
MXH9,11:02:20,256377.0000,3
MXH9,11:02:20,261404.0000,2
MXH9,11:02:20,246323.0000,2
MXH9,11:02:20,263917.5000,1
MXH9,11:02:26,261404.0000,1
MXH9,11:02:42,251375.0000,1
MXH9,11:02:42,243833.7500,1
MXH9,11:03:21,246274.0000,1
MXH9,11:03:21,243761.0000,2
MXH9,11:03:21,261352.0000,1
MXH9,11:03:21,253813.0000,2
MXH9,11:03:21,261326.0000,1
MXH9,11:03:21,241224.0000,2
MXH9,11:03:21,253787.7500,3
MXH9,11:03:21,251275.0000,5
MXH9,11:03:21,238711.2500,2
MXH9,11:03:22,243736.7500,3
MXH9,11:03:22,256300.5000,1
MXH9,11:03:23,263838.7500,2
MXH9,11:03:23,261326.0000,2
MXH9,11:03:23,258813.2500,4
MXH9,11:03:23,263838.7500,1
MXH9,11:03:23,241224.0000,1
MXH9,11:03:23,238711.2500,3
MXH9,11:03:23,261326.0000,1
MXH9,11:03:23,243736.7500,1
MXH9,11:03:23,246249.5000,1
MXH9,11:03:23,248762.2500,1
MXH9,11:03:23,243736.7500,1
MXH9,11:03:23,251275.0000,2
MXH9,11:03:23,256300.5000,1
MXH9,11:03:23,263838.7500,2
MXH9,11:03:23,263838.7500,2
MXH9,11:03:23,253787.7500,2
MXH9,11:03:23,241224.0000,2
MXH9,11:03:23,261326.0000,1
MXH9,11:03:23,238711.2500,1
MXH9,11:03:23,253787.7500,1
MXH9,11:03:23,243736.7500,2
MXH9,11:03:23,246249.5000,1
MXH9,11:03:23,263838.7500,5
MXH9,11:03:23,256300.5000,2
MXH9,11:03:23,251275.0000,2
MXH9,11:03:23,246249.5000,1
MXH9,11:03:23,238711.2500,1
MXH9,11:03:23,253787.7500,1
MXH9,11:03:25,258813.2500,3
MXH9,11:03:25,253787.7500,2
MXH9,11:03:25,251275.0000,2
MXH9,11:03:25,251275.0000,1
MXH9,11:03:25,241224.0000,1
MXH9,11:03:28,241224.0000,3
MXH9,11:03:28,256300.5000,1
MXH9,11:03:28,241224.0000,5
MXH9,11:03:28,243736.7500,2
MXH9,11:03:28,251275.0000,1
MXH9,11:03:28,251275.0000,2
MXH9,11:03:28,261326.0000,5
MXH9,11:03:28,241224.0000,2
MXH9,11:03:28,246249.5000,5
MXH9,11:03:28,248762.2500,5
MXH9,11:03:28,261326.0000,2
MXH9,11:03:28,258813.2500,5
MXH9,11:03:28,248762.2500,5
MXH9,11:03:28,248762.2500,5
MXH9,11:03:29,246225.0000,1
MXH9,11:03:29,263812.5000,1
MXH9,11:03:30,248712.7500,2
MXH9,11:03:30,256249.5000,1
MXH9,11:03:30,248712.7500,1
MXH9,11:03:50,251300.0000,1
MXH9,11:04:00,246225.0000,1
MXH9,11:04:03,246200.5000,1
MXH9,11:04:03,251225.0000,1
MXH9,11:04:03,246200.5000,1
MXH9,11:04:05,238663.7500,1
MXH9,11:04:10,261274.0000,2
MXH9,11:04:13,256275.0000,1
MXH9,11:04:15,263865.0000,10
MXH9,11:04:15,263865.0000,1
MXH9,11:04:18,258813.2500,1
MXH9,11:04:23,251275.0000,1
MXH9,11:04:23,263838.7500,1
MXH9,11:04:23,251275.0000,1
MXH9,11:04:33,251300.0000,1
MXH9,11:04:33,241248.0000,1
MXH9,11:04:35,256326.0000,1
