SECID,TRADETIME,PRICE,QUANTITY
PTH9,19:08:21,770.5450,1
PTH9,19:08:34,778.6560,1
PTH9,19:12:24,811.0000,2
PTH9,19:13:13,843.4400,1
PTH9,19:14:28,794.7800,1
PTH9,19:17:58,835.6390,1
PTH9,19:27:26,827.7300,1
PTH9,19:30:41,778.8480,1
PTH9,19:32:09,811.3000,1
PTH9,19:32:13,803.3850,1
PTH9,19:34:57,770.9250,1
PTH9,19:35:40,819.9180,1
PTH9,19:35:40,795.7600,1
PTH9,19:35:40,795.7600,1
PTH9,19:36:34,844.2720,1
PTH9,19:37:06,803.8800,1
PTH9,19:37:10,836.6690,1
PTH9,19:38:27,788.1250,1
PTH9,19:38:27,796.2500,1
PTH9,19:39:06,787.7370,1
PTH9,19:43:48,771.9700,1
PTH9,19:44:45,803.0880,2
PTH9,19:52:41,787.6400,1
PTH9,19:54:21,811.5000,1
PTH9,20:00:29,795.9560,2
PTH9,20:07:28,795.7600,1
PTH9,20:07:48,812.0000,1
PTH9,20:11:10,795.7600,1
PTH9,20:12:37,844.4800,1
PTH9,20:15:59,852.6000,1
PTH9,20:17:31,771.4000,6
PTH9,20:17:57,787.6400,1
PTH9,20:17:57,844.4800,1
PTH9,20:17:57,812.0000,1
PTH9,20:17:57,828.2400,1
PTH9,20:17:57,852.6000,1
PTH9,20:17:57,771.4000,1
PTH9,20:17:57,836.3600,1
PTH9,20:17:57,779.5200,1
PTH9,20:17:57,836.3600,1
PTH9,20:18:02,779.5200,6
PTH9,20:18:02,787.6400,2
PTH9,20:23:10,851.0250,1
PTH9,20:29:22,826.7100,4
PTH9,20:51:12,785.8940,1
PTH9,20:52:30,793.9960,1
PTH9,20:52:30,769.5000,1
PTH9,20:52:59,786.3790,1
PTH9,20:55:50,802.7910,1
PTH9,21:03:46,843.3360,1
PTH9,21:03:47,843.3360,1
PTH9,21:03:48,819.1100,1
PTH9,21:04:58,843.8560,1
PTH9,21:07:02,770.9250,1
PTH9,21:12:26,819.7160,2
PTH9,21:13:13,795.2700,1
PTH9,21:16:29,852.2850,1
PTH9,21:20:38,779.5200,2
PTH9,21:27:39,835.8450,1
PTH9,21:28:22,811.5000,2
PTH9,21:28:35,803.1870,2
PTH9,21:28:56,795.1720,2
PTH9,21:28:58,835.0210,1
PTH9,21:32:32,826.8120,2
PTH9,21:33:28,834.9180,1
PTH9,21:56:19,819.1100,2
PTH9,21:56:19,827.2200,1
PTH9,22:55:14,851.4450,1
PTH9,23:05:20,843.4400,1
PTH9,23:15:25,802.8900,1
PTH9,23:24:40,835.5360,1
PTH9,23:34:19,835.7420,1
PTH9,23:34:36,803.2860,1
PTH9,10:00:59,771.3050,1
PTH9,10:04:14,836.3600,1
PTH9,10:04:45,836.8750,1
PTH9,10:06:52,820.8270,1
PTH9,10:08:09,845.4160,1
PTH9,10:08:23,845.5200,1
PTH9,10:08:23,780.4800,1
PTH9,10:08:23,837.3900,1
PTH9,10:09:15,853.8600,1
PTH9,10:09:15,805.1670,1
PTH9,10:09:16,781.1520,2
PTH9,10:09:16,854.7000,2
PTH9,10:09:16,830.2800,1
PTH9,10:09:17,853.5450,2
PTH9,10:09:58,854.7000,1
PTH9,10:09:58,781.4400,1
PTH9,10:09:58,805.8600,1
PTH9,10:09:58,814.0000,1
PTH9,10:09:58,846.6640,1
PTH9,10:16:10,829.8720,1
PTH9,10:16:50,797.6220,1
PTH9,10:17:04,830.0760,1
PTH9,10:18:01,781.2480,1
PTH9,10:20:08,780.7680,1
PTH9,10:21:04,780.3840,1
PTH9,10:26:34,854.1750,1
PTH9,10:26:34,789.1920,1
PTH9,10:26:34,797.4260,2
PTH9,10:29:43,805.1670,2
PTH9,10:46:55,797.0340,1
PTH9,10:54:57,845.6240,1
PTH9,10:54:57,837.3900,1
PTH9,10:56:26,853.9650,1
PTH9,10:56:38,771.9700,1
PTH9,10:57:03,853.4400,1
PTH9,10:59:12,837.5960,1
PTH9,10:59:26,837.5960,1
PTH9,10:59:37,780.6720,1
PTH9,10:59:51,772.9200,1
PTH9,11:04:55,853.8600,1
PTH9,11:05:09,781.0560,14
PTH9,11:05:15,805.0680,1
PTH9,11:05:27,853.8600,1
PTH9,11:06:03,813.4000,1
PTH9,11:06:11,837.8020,1
PTH9,11:06:19,845.9360,1
PTH9,11:06:30,780.8640,1
PTH9,11:06:59,813.4000,1
PTH9,11:07:08,845.9360,2
PTH9,11:07:18,837.8020,2
PTH9,11:07:38,797.1320,2
PTH9,11:07:44,829.6680,2
PTH9,11:07:55,845.9360,2
PTH9,11:08:26,805.0680,10
PTH9,11:11:44,804.7710,2
PTH9,11:11:49,837.2870,2
PTH9,11:12:09,829.1580,1
PTH9,11:13:01,771.4000,1
PTH9,11:13:35,812.1000,3
PTH9,11:41:42,852.7050,1
PTH9,11:46:18,853.1250,29
PTH9,11:46:54,788.9010,1
PTH9,11:53:46,788.8040,1
PTH9,11:53:46,813.3000,1
PTH9,12:19:07,803.8800,1
PTH9,12:19:07,828.1380,5
PTH9,13:15:43,820.0190,1
PTH9,13:17:34,820.0190,1
PTH9,13:18:31,779.4240,1
PTH9,13:25:30,827.7300,1
PTH9,13:25:30,811.5000,3
PTH9,13:25:30,852.0750,1
PTH9,13:25:53,778.9440,2
PTH9,13:26:19,819.6150,2
PTH9,13:31:55,770.4500,1
PTH9,13:37:00,803.3850,13
PTH9,13:41:22,812.0000,1
PTH9,13:48:05,795.7600,1
PTH9,13:49:27,787.9310,10
PTH9,14:16:34,795.8580,3
PTH9,14:16:34,795.5640,2
PTH9,14:24:41,788.2220,1
PTH9,14:25:02,829.0560,10
PTH9,14:25:06,780.6720,2
PTH9,14:28:27,853.7550,1
PTH9,14:31:50,853.3350,1
PTH9,14:44:02,771.5900,1
PTH9,14:50:47,853.4400,1
PTH9,14:51:27,821.0290,2
PTH9,14:51:27,829.2600,6
PTH9,14:54:00,845.5200,4
PTH9,14:56:06,805.3650,2
PTH9,14:57:19,773.1100,1
PTH9,14:57:19,838.2140,1
PTH9,14:57:19,830.0760,1
PTH9,14:58:18,781.3440,1
PTH9,15:02:00,773.2050,2
PTH9,15:02:04,822.1400,5
PTH9,15:02:12,838.5230,5
PTH9,15:02:53,830.4840,5
PTH9,15:02:53,814.3000,1
PTH9,15:02:55,846.5600,1
PTH9,15:16:01,822.5440,1
PTH9,15:16:01,781.8240,1
PTH9,15:16:45,773.7750,1
PTH9,15:17:01,839.0380,1
PTH9,16:02:34,830.3820,2
PTH9,16:02:37,789.6770,3
PTH9,16:03:43,781.5360,2
PTH9,16:04:45,814.1000,1
PTH9,16:04:45,846.6640,1
PTH9,16:04:45,814.1000,1
PTH9,16:05:23,814.1000,2
PTH9,16:05:24,838.5230,2
PTH9,16:05:24,781.5360,1
PTH9,16:11:39,838.7290,1
PTH9,16:14:12,773.0150,2
PTH9,16:14:12,838.1110,3
PTH9,16:15:03,846.7680,1
PTH9,16:15:03,781.6320,9
PTH9,16:15:25,814.2000,18
PTH9,16:16:30,830.5860,10
PTH9,16:18:15,806.3550,10
PTH9,16:19:34,839.0380,5
PTH9,16:20:18,782.3040,2
PTH9,16:20:18,798.7000,3
PTH9,16:20:20,831.1980,2
PTH9,16:20:20,814.9000,2
PTH9,16:20:23,847.6000,2
PTH9,16:20:23,839.4500,1
PTH9,16:20:23,847.6000,1
PTH9,16:20:30,831.3000,14
PTH9,16:20:30,790.5500,3
PTH9,16:20:30,839.6560,1
PTH9,16:20:30,855.9600,1
PTH9,16:20:30,807.0480,1
PTH9,16:20:30,823.3520,1
PTH9,16:20:33,839.8620,2
PTH9,16:20:34,831.7080,2
PTH9,16:20:59,848.1200,1
PTH9,16:21:22,823.9580,2
PTH9,16:21:23,799.4840,1
PTH9,16:21:30,783.2640,2
PTH9,16:21:33,824.4630,1
PTH9,16:21:45,824.4630,4
PTH9,16:21:45,816.3000,1
PTH9,16:21:55,783.5520,1
PTH9,16:23:03,857.2200,2
PTH9,16:23:03,824.5640,1
PTH9,16:23:03,857.2200,1
PTH9,16:23:03,840.9950,1
PTH9,16:23:03,832.8300,3
PTH9,16:23:13,799.9740,2
PTH9,16:23:36,808.4340,1
PTH9,16:23:43,832.9320,10
PTH9,16:23:43,792.1020,1
PTH9,16:23:43,792.1990,1
PTH9,16:23:43,833.2380,1
PTH9,16:24:00,857.6400,1
PTH9,16:24:05,808.6320,1
PTH9,16:24:12,825.0690,1
PTH9,16:24:29,825.0690,2
PTH9,16:24:45,784.3200,1
PTH9,16:24:45,792.4900,1
PTH9,16:32:13,776.0550,2
PTH9,16:32:43,816.9000,1
PTH9,16:33:41,784.3200,2
PTH9,16:33:41,808.8300,1
PTH9,16:33:41,776.1500,4
PTH9,16:33:41,825.2710,1
PTH9,16:33:57,800.8560,1
PTH9,16:34:30,850.2000,2
PTH9,16:34:31,809.5230,1
PTH9,16:34:31,801.3460,1
PTH9,16:35:43,850.5120,2
PTH9,16:35:55,785.2800,2
PTH9,16:35:55,809.8200,2
PTH9,16:35:55,850.7200,1
PTH9,16:35:55,842.5400,1
PTH9,16:35:55,826.1800,2
PTH9,16:35:59,825.8770,2
PTH9,16:36:51,850.6160,2
PTH9,16:37:37,777.0050,1
PTH9,16:37:40,793.3630,2
PTH9,16:37:40,817.9000,2
PTH9,16:37:51,834.3600,3
PTH9,16:37:51,850.7200,2
PTH9,16:38:04,793.4600,1
PTH9,16:38:04,859.0050,3
PTH9,16:38:04,826.2810,2
PTH9,16:38:05,809.9190,1
PTH9,16:38:07,801.8360,4
PTH9,16:38:07,785.4720,2
PTH9,16:38:20,777.5750,1
PTH9,16:38:57,834.3600,1
PTH9,16:39:08,801.6400,1
PTH9,16:39:52,777.1000,2
PTH9,16:40:25,801.7380,1
PTH9,16:40:42,850.9280,2
PTH9,16:40:45,851.0320,2
PTH9,16:40:58,810.3150,1
PTH9,16:41:07,777.6700,1
PTH9,16:41:07,810.4140,1
PTH9,16:41:07,826.7860,2
PTH9,16:41:09,843.1580,2
PTH9,16:41:49,851.4480,1
PTH9,16:42:42,843.2610,4
PTH9,16:42:42,826.8870,2
PTH9,16:42:51,802.4240,1
PTH9,16:43:02,851.6560,1
PTH9,16:43:02,859.8450,1
PTH9,16:44:05,843.3640,2
PTH9,16:44:34,785.8560,2
PTH9,16:44:38,802.2280,2
PTH9,16:44:46,810.5130,2
PTH9,16:44:56,802.1300,5
PTH9,16:44:58,851.5520,2
PTH9,16:45:01,810.6120,2
PTH9,16:45:05,786.1440,3
PTH9,16:45:05,794.3330,2
PTH9,16:45:33,843.5700,1
PTH9,16:45:33,819.0000,2
PTH9,16:45:33,786.2400,2
PTH9,16:45:36,843.6730,1
PTH9,16:45:36,851.8640,4
PTH9,16:45:36,827.2910,1
PTH9,16:45:45,811.0080,1
PTH9,16:45:45,786.4320,10
PTH9,16:45:51,811.2060,1
PTH9,16:45:51,811.2060,4
PTH9,16:45:52,811.3050,2
PTH9,16:45:52,844.1880,1
PTH9,16:45:52,803.2080,2
PTH9,16:46:36,795.0120,2
PTH9,16:47:32,778.1450,1
PTH9,16:50:08,778.2400,1
PTH9,16:50:08,851.9680,1
PTH9,16:50:11,794.7210,2
PTH9,16:54:39,818.5000,1
PTH9,16:55:29,859.9500,10
PTH9,16:55:42,851.9680,2
PTH9,16:58:52,818.3000,2
PTH9,16:58:52,810.0180,2
PTH9,16:58:57,826.9880,2
PTH9,16:58:58,786.1440,5
PTH9,16:59:18,810.7110,2
PTH9,16:59:27,786.1440,1
PTH9,16:59:56,826.9880,1
PTH9,17:00:05,794.3330,6
PTH9,17:01:24,860.1600,2
PTH9,17:02:55,778.1450,2
PTH9,17:02:55,835.5840,5
PTH9,17:04:00,827.4930,2
PTH9,17:04:07,843.6730,1
PTH9,17:06:55,827.2910,1
PTH9,17:06:55,778.0500,2
PTH9,17:06:55,810.8100,4
PTH9,17:07:23,811.4040,1
PTH9,17:07:24,835.9920,1
PTH9,17:07:24,835.8900,5
PTH9,17:07:24,786.7200,3
PTH9,17:07:39,844.2910,1
PTH9,17:07:42,836.0940,1
PTH9,17:07:42,778.7150,2
PTH9,17:07:42,819.8000,1
PTH9,17:07:42,844.3940,2
PTH9,17:07:42,852.6960,1
PTH9,17:07:42,778.9050,1
PTH9,17:07:43,795.4000,3
PTH9,17:07:43,795.4000,1
PTH9,17:07:43,852.8000,10
PTH9,17:07:43,811.8000,3
PTH9,17:07:43,779.0950,2
PTH9,17:09:45,787.3920,2
PTH9,17:09:47,795.6910,2
PTH9,17:09:57,853.2160,2
PTH9,17:09:57,861.5250,1
PTH9,17:09:57,820.5000,2
PTH9,17:09:57,820.5000,2
PTH9,17:10:05,820.6000,1
PTH9,17:10:08,787.7760,1
PTH9,17:10:08,787.7760,2
PTH9,17:10:15,845.4240,2
PTH9,17:10:31,779.8550,2
PTH9,17:10:44,837.2160,1
PTH9,17:11:00,829.2100,1
PTH9,17:11:00,821.0000,2
PTH9,17:11:09,837.5220,2
PTH9,17:11:11,780.1400,2
PTH9,17:11:38,829.0080,2
PTH9,17:11:54,787.9680,1
PTH9,17:12:08,853.7360,2
PTH9,17:12:10,853.8400,2
PTH9,17:12:14,845.6300,1
PTH9,17:12:18,804.6780,2
PTH9,17:12:38,829.4120,2
PTH9,17:12:50,829.7150,2
PTH9,17:12:50,846.1450,2
PTH9,17:12:50,862.6800,2
PTH9,17:12:50,846.2480,1
PTH9,17:12:50,846.3510,2
PTH9,17:12:50,805.2660,2
PTH9,17:12:51,788.6400,2
PTH9,17:13:10,846.3510,5
PTH9,17:13:11,780.7100,1
PTH9,17:13:20,863.1000,1
PTH9,17:13:20,846.6600,2
PTH9,17:13:20,830.2200,3
PTH9,17:13:20,797.3400,2
PTH9,17:13:20,821.8000,1
PTH9,17:13:21,854.7760,50
PTH9,17:13:21,797.4370,1
PTH9,17:13:22,854.9840,1
PTH9,17:13:22,781.0900,1
PTH9,17:13:24,846.8660,1
PTH9,17:13:34,781.0900,1
PTH9,17:13:46,780.8050,3
PTH9,17:13:52,863.1000,2
PTH9,17:13:57,854.9840,1
PTH9,17:14:54,846.6600,1
PTH9,17:15:04,797.4370,2
PTH9,17:15:04,805.7560,1
PTH9,17:15:15,838.7460,2
PTH9,17:15:18,822.3000,2
PTH9,17:15:20,838.8480,2
PTH9,17:15:38,855.4000,1
PTH9,17:15:38,789.6000,2
PTH9,17:15:38,814.3740,1
PTH9,17:15:47,790.0800,1
PTH9,17:16:24,814.6710,1
PTH9,17:16:47,805.8540,1
PTH9,17:17:22,863.9400,1
PTH9,17:17:31,847.5870,1
PTH9,17:17:40,798.0190,1
PTH9,17:20:10,789.5040,1
PTH9,17:20:31,780.5200,4
PTH9,17:20:31,829.9170,2
PTH9,17:20:58,846.6600,1
PTH9,17:21:28,805.8540,1
PTH9,17:21:38,822.5000,3
PTH9,17:21:50,806.5400,2
PTH9,17:21:50,798.3100,1
PTH9,17:22:56,847.0720,1
PTH9,17:23:09,846.9690,1
PTH9,17:23:44,781.2800,1
PTH9,17:23:44,830.7250,2
PTH9,17:23:44,789.9840,2
PTH9,17:24:43,854.3600,2
PTH9,17:24:43,780.3300,8
PTH9,17:26:05,837.7260,1
PTH9,17:26:45,814.0770,1
PTH9,17:29:10,788.3520,8
PTH9,17:29:39,822.2000,1
PTH9,17:30:00,781.3750,2
PTH9,17:30:01,855.5040,3
PTH9,17:30:02,855.6080,10
PTH9,17:30:05,839.3580,5
PTH9,17:30:55,847.3810,1
PTH9,17:31:05,847.7930,2
PTH9,17:31:50,855.9200,1
PTH9,17:31:57,823.2000,1
PTH9,17:31:57,782.1350,2
PTH9,17:31:57,782.4200,1
PTH9,17:33:26,847.5870,2
PTH9,17:33:26,830.7250,1
PTH9,17:33:32,847.6900,1
PTH9,17:34:32,806.0500,1
PTH9,17:38:06,797.8250,2
PTH9,17:38:14,780.5200,2
PTH9,17:38:14,796.8550,1
PTH9,17:40:38,822.6000,2
PTH9,17:40:38,839.0520,1
PTH9,17:40:38,847.2780,11
PTH9,17:43:01,806.5400,2
PTH9,17:44:32,790.9440,1
PTH9,17:44:32,848.6170,2
PTH9,17:44:34,799.4740,3
PTH9,17:44:45,791.2320,2
PTH9,17:44:54,832.8460,1
PTH9,17:45:28,816.2550,2
PTH9,17:45:28,866.0400,1
PTH9,17:45:30,857.6880,2
PTH9,17:46:22,856.9600,1
PTH9,17:46:41,848.7200,2
PTH9,17:46:48,807.5200,2
PTH9,17:47:21,815.8590,4
PTH9,17:47:21,824.0000,3
PTH9,17:47:46,856.9600,1
PTH9,17:47:52,823.9000,2
PTH9,17:47:52,782.7050,1
PTH9,17:49:09,790.4640,1
PTH9,17:50:17,856.3360,1
PTH9,17:51:50,823.4000,2
PTH9,17:52:04,856.3360,1
PTH9,17:52:17,815.5620,2
PTH9,17:52:25,790.8480,1
PTH9,17:52:27,782.6100,2
PTH9,17:52:27,832.1390,1
PTH9,17:52:28,782.6100,2
PTH9,17:55:27,790.4640,1
PTH9,17:56:30,831.6340,1
PTH9,17:56:30,823.5000,2
PTH9,17:56:30,824.0000,1
PTH9,17:58:45,856.9600,5
PTH9,17:59:30,807.2260,2
PTH9,17:59:37,823.5000,2
PTH9,18:00:37,790.7520,2
PTH9,18:00:38,790.6560,2
PTH9,18:00:52,840.2760,1
PTH9,18:01:43,814.7700,1
PTH9,18:02:07,814.9680,1
PTH9,18:02:07,856.1280,1
PTH9,18:02:20,856.1280,1
PTH9,18:03:35,847.9990,2
PTH9,18:10:21,807.2260,1
PTH9,18:10:21,839.8680,2
PTH9,18:10:52,865.2000,7
PTH9,18:10:53,856.7520,2
PTH9,18:12:04,848.6170,1
PTH9,18:13:16,824.0000,1
PTH9,18:17:46,790.4640,1
PTH9,18:17:46,782.2300,1
PTH9,18:19:01,840.3780,1
PTH9,18:19:01,856.6480,1
PTH9,18:19:01,839.8680,1
PTH9,18:19:01,815.7600,1
PTH9,18:19:01,782.8000,2
PTH9,18:19:02,832.4420,2
PTH9,18:19:54,799.7650,2
PTH9,18:20:59,865.7250,1
PTH9,18:21:00,808.0100,1
PTH9,18:21:00,857.4800,1
PTH9,18:21:23,791.6160,2
PTH9,18:23:08,791.6160,1
PTH9,18:23:10,849.3380,1
PTH9,18:23:22,799.7650,2
PTH9,18:23:48,799.6680,1
PTH9,18:24:03,799.6680,1
PTH9,18:24:09,832.5430,2
PTH9,18:24:24,849.3380,1
PTH9,18:24:24,783.4650,2
PTH9,18:25:15,808.3040,1
PTH9,18:25:51,808.3040,1
PTH9,18:31:28,815.2650,2
PTH9,18:31:28,864.4650,1
PTH9,18:32:05,847.9990,1
PTH9,18:33:58,806.7360,1
PTH9,18:35:51,815.2650,1
PTH9,18:35:51,798.7950,2
PTH9,18:40:33,782.3250,5
PTH9,18:44:57,840.0720,2
PTH9,18:44:57,848.3080,2
PTH9,18:44:57,815.4630,23
PTH9,18:44:57,823.7000,2
PTH9,18:44:57,799.2800,2
PTH9,19:00:03,798.7320,1
PTH9,19:00:04,831.0040,1
PTH9,19:03:09,834.4030,1
PTH9,19:07:27,834.3000,1
PTH9,19:08:43,785.1180,1
PTH9,19:08:43,785.1180,49
PTH9,19:23:45,849.8700,2
PTH9,19:48:17,801.1080,2
PTH9,19:48:17,776.7360,1
PTH9,19:48:36,801.0090,1
PTH9,19:55:04,808.7000,1
PTH9,19:57:46,849.1350,1
PTH9,19:59:44,800.5140,1
PTH9,19:59:44,849.0300,1
PTH9,20:02:19,841.1520,1
PTH9,20:02:19,841.3600,1
PTH9,20:13:33,800.8110,1
PTH9,20:13:48,841.2560,1
PTH9,20:14:20,792.7220,1
PTH9,20:21:09,768.3600,1
PTH9,20:21:14,768.3600,1
PTH9,20:34:15,784.4390,1
PTH9,20:34:15,841.1520,1
PTH9,20:34:15,825.1800,2
PTH9,21:06:31,768.6450,1
PTH9,21:07:44,817.4940,1
PTH9,21:28:52,809.0000,5
PTH9,22:11:36,825.5880,4
PTH9,22:11:36,849.9750,2
PTH9,22:11:36,793.3100,5
PTH9,10:00:01,850.2900,1
PTH9,10:00:01,769.4050,2
PTH9,10:00:05,801.1080,1
PTH9,10:00:47,777.5040,3
PTH9,10:00:47,777.5040,7
PTH9,10:01:49,818.3020,3
PTH9,10:02:07,769.7850,1
PTH9,10:02:07,810.3000,1
PTH9,10:06:51,850.9200,1
PTH9,10:07:06,810.4000,1
PTH9,10:07:29,777.9840,1
PTH9,10:08:05,842.9200,5
PTH9,10:08:05,794.6820,2
PTH9,10:08:05,811.0000,1
PTH9,10:08:05,795.0740,2
PTH9,10:11:58,826.8120,1
PTH9,10:11:58,769.9750,1
PTH9,10:12:05,834.9180,3
PTH9,10:12:05,826.7100,2
PTH9,10:12:05,778.0800,1
PTH9,10:13:08,778.0800,5
PTH9,10:13:38,802.3950,1
PTH9,10:14:29,810.5000,1
PTH9,10:19:31,770.3550,1
PTH9,10:19:57,810.9000,4
PTH9,10:20:33,851.5500,10
PTH9,10:20:33,843.4400,10
PTH9,10:20:33,827.2200,20
PTH9,10:20:45,778.7520,1
PTH9,10:21:42,778.8480,2
PTH9,10:21:42,819.4130,5
PTH9,10:21:42,795.1720,3
PTH9,10:22:09,827.7300,2
PTH9,10:22:09,779.0400,5
PTH9,10:23:37,852.3900,3
PTH9,10:23:37,795.6620,3
PTH9,10:23:37,820.1200,1
PTH9,10:23:37,828.2400,2
PTH9,10:24:34,843.9600,2
PTH9,10:24:34,779.0400,3
PTH9,10:24:57,812.0000,2
PTH9,10:25:18,843.9600,1
PTH9,10:25:27,803.8800,1
PTH9,10:29:05,771.4000,1
PTH9,10:29:05,779.5200,2
PTH9,10:29:37,836.3600,3
PTH9,10:29:43,820.1200,2
PTH9,10:29:46,820.1200,2
PTH9,10:29:46,779.5200,1
PTH9,10:31:26,820.0190,1
PTH9,10:31:32,787.6400,3
PTH9,10:32:59,771.3050,1
PTH9,10:33:32,812.0000,1
PTH9,10:35:47,836.3600,6
PTH9,10:35:47,812.0000,1
PTH9,10:35:47,836.3600,1
PTH9,10:35:47,812.0000,2
PTH9,10:37:59,812.0000,2
PTH9,10:37:59,779.5200,2
PTH9,10:37:59,771.4000,1
PTH9,10:40:44,771.2100,1
PTH9,10:42:29,811.1000,1
PTH9,10:52:40,835.4330,1
PTH9,10:54:29,835.4330,1
PTH9,10:54:44,851.0250,1
PTH9,10:54:44,802.2960,2
PTH9,10:54:44,850.9200,2
PTH9,11:02:50,819.7160,1
PTH9,11:03:41,810.6000,1
PTH9,11:04:45,851.3400,1
PTH9,11:04:59,770.2600,1
PTH9,11:04:59,802.6920,1
PTH9,11:05:07,778.4640,1
PTH9,11:07:05,770.3550,1
PTH9,11:10:14,851.3400,1
PTH9,11:10:47,778.4640,1
PTH9,11:11:01,802.7910,1
PTH9,11:11:59,802.7910,1
PTH9,11:13:15,835.3300,1
PTH9,11:13:23,794.7800,1
PTH9,11:13:29,786.6700,1
PTH9,11:14:30,795.3680,2
PTH9,11:24:28,770.6400,1
PTH9,11:24:39,803.0880,1
PTH9,11:25:09,827.4240,1
PTH9,11:25:15,827.4240,1
PTH9,11:25:24,771.2100,3
PTH9,11:25:24,819.9180,5
PTH9,11:26:18,852.6000,2
PTH9,11:26:18,812.0000,1
PTH9,11:26:18,803.8800,1
PTH9,11:26:18,779.6160,2
PTH9,11:26:21,779.7120,1
PTH9,11:26:21,795.9560,3
PTH9,11:26:37,787.2520,1
PTH9,11:26:45,835.9480,1
PTH9,11:26:54,771.6850,15
PTH9,11:26:54,852.9150,3
PTH9,11:26:55,771.8750,3
PTH9,11:28:07,803.4840,1
PTH9,11:28:21,787.2520,1
PTH9,11:28:27,795.3680,1
PTH9,11:28:49,804.5730,3
PTH9,11:28:50,772.1600,1
PTH9,11:28:50,804.6720,2
PTH9,11:29:52,812.1000,1
PTH9,11:29:53,795.8580,1
PTH9,11:29:58,836.4630,1
PTH9,11:30:05,852.4950,1
PTH9,11:30:19,852.9150,1
PTH9,11:30:19,804.1770,1
PTH9,11:33:59,853.4400,3
PTH9,11:33:59,853.4400,2
PTH9,11:34:22,772.2550,2
PTH9,11:34:22,813.0000,1
PTH9,11:34:22,796.7400,16
PTH9,11:36:57,820.2210,1
PTH9,11:48:45,779.7120,5
PTH9,11:48:45,852.6000,2
PTH9,11:51:12,820.9280,1
PTH9,11:54:33,836.5660,1
PTH9,11:54:38,820.3220,1
PTH9,11:54:45,771.7800,1
PTH9,11:54:46,853.6500,24
PTH9,11:54:46,821.1300,1
PTH9,11:54:51,836.7720,1
PTH9,11:55:00,812.4000,1
PTH9,11:55:17,828.7500,1
PTH9,11:55:38,836.8750,26
PTH9,11:56:37,804.3750,1
PTH9,11:57:39,820.9280,1
PTH9,11:58:10,796.5440,1
PTH9,11:59:36,820.1200,1
PTH9,12:07:33,827.8320,2
PTH9,12:11:40,820.3220,1
PTH9,12:11:44,836.5660,1
PTH9,12:11:53,853.0200,1
PTH9,12:12:01,844.8960,1
PTH9,12:12:10,828.5460,2
PTH9,12:15:35,820.6250,10
PTH9,12:16:23,828.3420,1
PTH9,12:17:13,845.1040,1
PTH9,12:17:21,796.4460,1
PTH9,12:17:27,804.5730,1
PTH9,12:17:58,787.9310,1
PTH9,12:18:14,779.8080,1
PTH9,12:18:21,820.4230,1
PTH9,12:19:25,772.2550,2
PTH9,12:19:25,796.6420,7
PTH9,12:23:05,820.2210,1
PTH9,12:23:10,812.1000,1
PTH9,12:23:15,787.7370,1
PTH9,12:24:07,820.2210,1
PTH9,12:24:11,836.4630,1
PTH9,12:24:35,812.1000,1
PTH9,12:24:43,779.6160,2
PTH9,12:32:10,780.0000,1
PTH9,12:32:47,780.3840,4
PTH9,12:33:46,813.0000,5
PTH9,12:33:46,788.6100,5
PTH9,12:33:54,788.8040,3
PTH9,12:34:24,797.0340,10
PTH9,12:34:25,829.7700,1
PTH9,12:34:45,838.1110,1
PTH9,12:36:46,829.9740,4
PTH9,12:36:46,846.2480,1
PTH9,12:39:45,789.2890,1
PTH9,12:40:48,773.1100,1
PTH9,12:41:06,781.4400,1
PTH9,12:41:06,789.6770,1
PTH9,12:41:33,772.6350,9
PTH9,12:41:33,788.9010,1
PTH9,12:43:30,846.7680,1
PTH9,12:43:34,806.1570,4
PTH9,12:43:34,773.6800,1
PTH9,12:43:34,830.5860,4
PTH9,12:44:04,838.9350,5
PTH9,12:44:04,782.0160,1
PTH9,12:44:04,830.8920,1
PTH9,12:44:04,773.9650,2
PTH9,12:44:04,790.2590,1
PTH9,12:44:04,814.7000,15
PTH9,12:44:04,814.9000,1
PTH9,12:44:04,790.5500,1
PTH9,12:44:04,823.1500,1
PTH9,12:44:04,823.1500,1
PTH9,12:44:04,847.6000,4
PTH9,12:44:04,774.2500,1
PTH9,12:44:04,814.7000,1
PTH9,12:44:04,831.3000,4
PTH9,12:44:05,847.6000,3
PTH9,12:44:10,830.4840,1
PTH9,12:44:14,798.8960,1
PTH9,12:44:14,848.0160,1
PTH9,12:44:14,790.9380,2
PTH9,12:44:14,782.9760,2
PTH9,12:44:14,807.4440,4
PTH9,12:44:14,782.9760,1
PTH9,12:44:16,840.2740,4
PTH9,12:44:50,840.2740,1
PTH9,12:48:58,774.9150,2
PTH9,12:48:58,823.9580,1
PTH9,12:49:52,791.3260,3
PTH9,12:50:24,824.0590,1
PTH9,12:50:29,815.8000,2
PTH9,12:50:54,823.9580,1
PTH9,12:51:00,856.5900,1
PTH9,12:52:55,840.2740,10
PTH9,12:53:54,791.3260,1
PTH9,12:55:59,799.4840,1
PTH9,12:57:18,775.0100,17
PTH9,12:57:18,848.4320,1
PTH9,12:59:03,824.0590,1
PTH9,12:59:03,815.9000,1
PTH9,12:59:03,832.3200,1
PTH9,12:59:03,840.4800,1
PTH9,12:59:03,848.6400,2
PTH9,12:59:18,783.3600,7
PTH9,12:59:40,799.4840,150
PTH9,12:59:40,791.3260,8
PTH9,12:59:40,848.4320,1
PTH9,13:02:27,832.1160,1
PTH9,13:02:27,823.9580,2
PTH9,13:04:49,815.8000,5
PTH9,13:07:43,815.0000,5
PTH9,13:07:43,831.3000,1
PTH9,13:13:15,839.5530,4
PTH9,13:15:38,831.7080,3
PTH9,13:17:26,774.7250,9
PTH9,13:19:07,790.3560,2
PTH9,13:19:07,790.3560,13
PTH9,13:26:09,831.8100,3
PTH9,13:31:05,806.9490,1
PTH9,13:38:40,856.4850,2
PTH9,13:40:56,774.9150,1
PTH9,13:41:18,831.5040,1
PTH9,13:41:18,774.4400,1
PTH9,13:41:18,831.5040,1
PTH9,13:41:18,807.0480,1
PTH9,13:47:14,854.8050,8
PTH9,13:47:14,773.5850,1
PTH9,13:47:14,806.9490,1
PTH9,13:55:29,830.3820,1
PTH9,13:55:29,773.3950,1
PTH9,13:55:29,805.9590,1
PTH9,13:55:29,854.8050,1
PTH9,13:55:29,773.3950,1
PTH9,13:55:29,838.5230,4
PTH9,13:55:29,774.3450,1
PTH9,14:10:20,853.6500,1
PTH9,14:10:20,772.6350,1
PTH9,14:20:48,797.2300,1
PTH9,14:20:49,804.8700,1
PTH9,14:21:50,820.4230,7
PTH9,14:22:03,787.9310,3
PTH9,14:22:16,852.9150,3
PTH9,14:23:09,804.1770,1
PTH9,14:29:21,853.0200,2
PTH9,14:34:31,804.9690,1
PTH9,14:37:21,796.9360,1
PTH9,14:39:28,797.0340,1
PTH9,14:39:28,845.7280,2
PTH9,14:54:12,830.2800,1
PTH9,14:54:37,805.8600,1
PTH9,14:54:37,773.3000,1
PTH9,14:55:25,846.5600,1
PTH9,14:56:07,838.4200,2
PTH9,14:56:07,814.0000,1
PTH9,14:56:07,805.8600,1
PTH9,14:56:07,781.4400,1
PTH9,14:56:11,781.4400,1
PTH9,14:56:51,772.7300,2
PTH9,14:56:51,837.5960,3
PTH9,14:56:51,788.8040,1
PTH9,14:57:50,788.9980,2
PTH9,14:57:50,813.2000,2
PTH9,15:03:24,814.0000,1
PTH9,15:03:48,853.8600,2
PTH9,15:10:19,846.7680,2
PTH9,15:13:18,806.6520,1
PTH9,15:13:18,798.5040,3
PTH9,15:13:18,831.1980,5
PTH9,15:13:18,806.8500,10
PTH9,15:13:18,798.7000,1
PTH9,15:13:18,823.2510,1
PTH9,15:13:19,783.0720,1
PTH9,15:14:56,848.3280,1
PTH9,15:19:22,797.8180,1
PTH9,15:26:07,856.0650,1
PTH9,15:26:07,815.4000,1
PTH9,15:26:07,848.0160,2
PTH9,15:27:51,806.1570,1
PTH9,15:28:18,856.0650,1
PTH9,15:28:20,831.7080,2
PTH9,15:28:31,856.3800,1
PTH9,15:30:23,806.2560,1
PTH9,15:30:46,806.1570,1
PTH9,15:32:53,823.5540,2
PTH9,15:33:20,840.0680,1
PTH9,15:33:20,791.2290,14
PTH9,15:33:20,840.1710,3
PTH9,15:33:20,832.0140,1
PTH9,15:33:20,791.3260,1
PTH9,15:33:20,807.6420,3
PTH9,15:33:20,840.2740,5
PTH9,15:33:20,832.1160,1
PTH9,15:33:20,848.5360,3
PTH9,15:33:20,848.6400,25
PTH9,15:33:20,791.5200,1
PTH9,15:33:20,856.8000,1
PTH9,15:33:20,824.1600,1
PTH9,15:34:09,856.8000,5
PTH9,15:34:09,807.8400,5
PTH9,15:34:09,775.2000,1
PTH9,15:34:26,832.5240,3
PTH9,15:35:44,840.9950,2
PTH9,15:39:22,832.7280,1
PTH9,15:43:12,855.9600,2
PTH9,15:43:12,831.5040,1
PTH9,15:46:04,840.4800,1
PTH9,15:47:36,840.5830,1
PTH9,15:49:07,775.2000,2
PTH9,15:49:55,824.1600,10
PTH9,15:50:12,799.7780,2
PTH9,15:50:13,775.3900,2
PTH9,15:50:13,857.0100,3
PTH9,15:55:12,783.5520,1
PTH9,15:57:07,848.7440,2
PTH9,15:57:08,832.4220,1
PTH9,15:57:16,799.8760,1
PTH9,15:57:16,775.3900,1
PTH9,15:57:18,840.7890,4
PTH9,15:57:18,849.0560,2
PTH9,15:57:18,857.2200,2
PTH9,15:57:18,808.3350,1
PTH9,15:57:18,849.1600,6
PTH9,15:57:21,791.6170,2
PTH9,15:57:23,857.4300,3
PTH9,15:57:23,857.4300,2
PTH9,15:57:25,792.1990,1
PTH9,15:57:25,824.8670,10
PTH9,16:03:20,808.4340,2
PTH9,16:03:25,832.9320,2
PTH9,16:03:25,841.0980,1
PTH9,16:03:59,783.9360,2
PTH9,16:03:59,857.4300,13
PTH9,16:08:13,816.6000,2
PTH9,16:08:19,857.4300,1
PTH9,16:09:29,824.7660,2
PTH9,16:13:24,849.3680,1
PTH9,16:13:24,841.3040,1
PTH9,16:13:24,857.6400,1
PTH9,16:15:31,800.5620,1
PTH9,16:16:22,832.6260,1
PTH9,16:16:29,825.0690,5
PTH9,16:16:29,825.1700,1
PTH9,16:16:29,817.0000,10
PTH9,16:16:29,833.3400,6
PTH9,16:16:29,833.3400,1
PTH9,16:16:29,841.5100,1
PTH9,16:16:40,833.5440,4
PTH9,16:16:44,817.0000,1
PTH9,16:16:45,784.6080,6
PTH9,16:17:00,776.5300,1
PTH9,16:17:00,850.0960,1
PTH9,16:17:00,842.0250,1
PTH9,16:17:00,809.3250,3
PTH9,16:17:00,817.5000,2
PTH9,16:17:00,850.2000,1
PTH9,16:17:09,784.8960,1
PTH9,16:17:14,817.6000,2
PTH9,16:17:14,825.8770,1
PTH9,16:17:14,850.5120,2
PTH9,16:17:14,858.7950,1
PTH9,16:17:14,785.1840,2
PTH9,16:17:14,850.7200,10
PTH9,16:17:14,834.3600,3
PTH9,16:17:14,834.3600,40
PTH9,16:17:14,858.9000,1
PTH9,16:17:14,842.5400,1
PTH9,16:17:14,842.5400,3
PTH9,16:17:50,777.1000,1
PTH9,16:17:55,809.8200,1
PTH9,16:17:57,851.1360,4
PTH9,16:18:01,793.8480,3
PTH9,16:18:08,834.8700,1
PTH9,16:18:08,859.5300,1
PTH9,16:18:08,835.2780,3
PTH9,16:18:08,843.5700,1
PTH9,16:18:08,778.0500,1
PTH9,16:18:08,851.7600,1
PTH9,16:18:08,819.0000,2
PTH9,16:18:08,859.9500,2
PTH9,16:18:08,835.3800,1
PTH9,16:18:09,851.7600,4
PTH9,16:18:09,802.6200,8
PTH9,16:18:09,786.2400,7
PTH9,16:18:09,842.9520,1
PTH9,16:18:09,851.1360,1
PTH9,16:18:09,842.9520,1
PTH9,16:18:09,818.4000,1
PTH9,16:18:09,777.4800,1
PTH9,16:18:09,793.8480,4
PTH9,16:18:09,793.2660,2
PTH9,16:18:09,825.2710,2
PTH9,16:18:09,784.0320,1
PTH9,16:18:09,783.6480,2
PTH9,16:18:09,775.4850,1
PTH9,16:18:09,832.6260,1
PTH9,16:18:09,824.2610,1
PTH9,16:18:09,783.4560,1
PTH9,16:18:46,843.3640,7
PTH9,16:21:57,826.1800,1
PTH9,16:21:57,859.0050,5
PTH9,16:22:20,859.0050,1
PTH9,16:27:44,826.2810,2
PTH9,16:27:44,793.6540,2
PTH9,16:27:44,826.4830,1
PTH9,16:27:44,793.7510,5
PTH9,16:29:08,775.3900,1
PTH9,16:35:13,816.2000,1
PTH9,16:37:11,847.9120,1
PTH9,16:38:20,823.4530,2
PTH9,16:39:29,847.7040,1
PTH9,16:39:29,806.8500,1
PTH9,16:42:22,847.7040,1
PTH9,16:42:22,855.7500,2
PTH9,16:42:22,798.7000,5
PTH9,16:42:22,798.7000,1
PTH9,16:42:22,798.7000,1
PTH9,16:42:22,839.4500,1
PTH9,16:42:22,782.4000,5
PTH9,16:42:46,798.0140,12
PTH9,16:42:46,846.7680,2
PTH9,16:42:46,846.7680,1
PTH9,16:42:46,822.1400,1
PTH9,16:42:46,805.8600,12
PTH9,16:42:46,846.5600,7
PTH9,16:42:46,822.1400,49
PTH9,16:42:49,838.6260,1
PTH9,16:42:56,805.9590,2
PTH9,16:42:56,814.0000,5
PTH9,16:42:56,838.4200,4
PTH9,16:42:56,830.2800,50
PTH9,16:42:56,789.5800,6
PTH9,16:45:00,790.5500,4
PTH9,17:07:45,838.9350,1
PTH9,17:09:18,855.2250,1
PTH9,17:11:44,856.3800,2
PTH9,17:11:53,840.1710,2
PTH9,17:19:49,791.9080,1
PTH9,17:27:42,817.8000,1
PTH9,17:30:00,793.2660,1
PTH9,17:30:00,785.1840,3
PTH9,17:30:00,793.4600,1
PTH9,17:30:01,858.5850,1
PTH9,17:30:39,842.3340,1
PTH9,17:30:49,826.2810,1
PTH9,17:30:49,801.8360,1
PTH9,17:31:18,842.2310,1
PTH9,17:31:21,818.4000,2
PTH9,17:31:23,834.3600,2
PTH9,17:32:53,785.2800,2
PTH9,17:32:59,859.3200,1
PTH9,17:34:26,818.8000,2
PTH9,17:34:26,786.0480,2
PTH9,17:34:26,835.1760,6
PTH9,17:35:02,826.3820,1
PTH9,17:36:05,843.4670,2
PTH9,17:38:12,794.2360,1
PTH9,17:40:24,793.4600,1
PTH9,17:42:58,793.9450,2
PTH9,17:43:13,859.9500,1
PTH9,17:43:13,851.7600,2
PTH9,17:43:13,835.3800,5
PTH9,17:43:14,810.8100,5
PTH9,17:43:40,835.5840,1
PTH9,17:44:02,835.5840,1
PTH9,17:44:26,778.2400,1
PTH9,17:45:58,859.2150,1
PTH9,17:47:48,801.7380,4
PTH9,17:47:48,842.5400,2
PTH9,17:47:48,826.1800,2
PTH9,17:47:48,793.4600,50
PTH9,17:47:48,818.0000,50
PTH9,17:48:56,834.3600,50
PTH9,17:48:56,850.7200,42
PTH9,17:48:58,801.7380,1
PTH9,17:48:58,842.6430,1
PTH9,17:53:44,793.4600,3
PTH9,17:58:00,802.1300,2
PTH9,17:58:56,777.7650,2
PTH9,18:00:13,834.0540,3
PTH9,18:00:52,850.4080,1
PTH9,18:02:02,818.6000,2
PTH9,18:02:02,794.2360,2
PTH9,18:02:03,827.0890,2
PTH9,18:02:03,843.4670,3
PTH9,18:09:27,850.5120,3
PTH9,18:10:04,785.7600,5
PTH9,18:10:26,851.5520,3
PTH9,18:10:54,810.6120,1
PTH9,18:11:00,802.4240,2
PTH9,18:11:26,826.6850,5
PTH9,18:11:36,802.5220,1
PTH9,18:11:36,777.9550,2
PTH9,18:11:36,859.8450,3
PTH9,18:11:36,851.6560,1
PTH9,18:11:36,843.4670,1
PTH9,18:11:38,843.4670,2
PTH9,18:11:46,810.7110,1
PTH9,18:11:46,827.0890,2
PTH9,18:12:56,835.1760,3
PTH9,18:13:36,810.7110,5
PTH9,18:13:36,810.7110,1
PTH9,18:15:22,843.2610,5
PTH9,18:15:34,850.7200,1
PTH9,18:16:11,851.8640,2
PTH9,18:16:11,777.1000,1
PTH9,18:16:11,785.1840,4
PTH9,18:16:11,834.0540,4
PTH9,18:16:11,809.5230,1
PTH9,18:18:00,843.5700,2
PTH9,18:19:49,802.6200,3
PTH9,18:19:49,793.4600,1
PTH9,18:20:03,818.0000,1
PTH9,18:27:30,819.0000,1
PTH9,18:31:53,851.5520,1
PTH9,18:34:41,802.5220,2
PTH9,18:34:41,819.1000,3
PTH9,18:37:08,785.5680,1
PTH9,18:41:39,835.4820,4
PTH9,18:44:31,850.8240,4
PTH9,18:44:48,810.9090,3
PTH9,18:44:48,819.2000,2
PTH9,18:44:48,778.2400,4
PTH9,18:44:48,802.8160,2
PTH9,18:44:54,786.6240,2
PTH9,19:04:09,794.0420,1
PTH9,19:04:20,859.5300,1
PTH9,19:04:40,801.6400,9
PTH9,19:05:05,809.6220,1
PTH9,19:05:23,842.3340,1
PTH9,19:05:23,850.5120,5
PTH9,19:05:27,794.5270,1
PTH9,19:05:34,843.6730,1
PTH9,19:07:44,811.3050,1
PTH9,19:08:02,811.3050,1
PTH9,19:09:00,803.1100,1
PTH9,19:09:00,819.5000,1
PTH9,19:09:00,803.2080,2
PTH9,19:09:01,794.8180,1
PTH9,19:10:53,778.9050,1
PTH9,19:10:53,803.5020,2
PTH9,19:11:37,803.4040,1
PTH9,19:11:48,828.2000,10
PTH9,19:11:48,861.0000,40
PTH9,19:12:27,787.2000,10
PTH9,19:12:27,811.8000,1
PTH9,19:12:27,779.0000,1
PTH9,19:12:27,787.2000,88
PTH9,19:12:32,810.9090,1
PTH9,19:12:32,819.0000,1
PTH9,19:12:32,819.0000,2
PTH9,19:12:32,851.4480,5
PTH9,19:12:44,811.8000,5
PTH9,19:15:14,844.4970,1
PTH9,19:16:33,803.6000,2
PTH9,19:16:47,860.8950,1
PTH9,19:16:59,803.5020,1
PTH9,19:18:22,852.8000,5
PTH9,19:18:22,852.8000,1
PTH9,19:18:22,795.4000,1
PTH9,19:18:22,803.6000,1
PTH9,19:18:36,779.1900,1
PTH9,19:18:36,836.4000,2
PTH9,19:18:36,844.4970,8
PTH9,19:20:16,795.4000,1
PTH9,19:20:40,852.8000,1
PTH9,19:22:08,861.2100,26
PTH9,19:22:58,779.0000,1
PTH9,19:23:23,779.0000,1
PTH9,19:23:23,811.7010,9
PTH9,19:23:28,819.9000,1
PTH9,19:24:00,811.8990,5
PTH9,19:26:03,828.9070,2
PTH9,19:27:09,861.5250,1
PTH9,19:29:04,795.4000,2
PTH9,19:29:04,828.2000,3
PTH9,19:29:26,828.9070,1
PTH9,19:29:32,861.0000,1
PTH9,19:30:05,820.0000,1
PTH9,19:30:05,811.8000,9
PTH9,19:30:05,778.9050,30
PTH9,19:30:31,787.2000,1
PTH9,19:30:31,820.0000,4
PTH9,19:34:23,845.4240,1
PTH9,19:34:23,837.2160,2
PTH9,19:36:00,845.6300,1
PTH9,19:36:01,828.3010,1
PTH9,19:36:01,779.0950,1
PTH9,19:36:01,836.5020,1
PTH9,19:36:01,803.6000,3
PTH9,19:36:01,828.0990,6
PTH9,19:36:01,811.8990,1
PTH9,19:36:48,853.8400,1
PTH9,19:36:48,804.5800,1
PTH9,19:36:48,829.2100,1
PTH9,19:36:58,837.4200,7
PTH9,19:37:30,862.1550,5
PTH9,19:37:45,788.3520,2
PTH9,19:38:22,862.3650,2
PTH9,19:38:25,829.6140,1
PTH9,19:38:25,862.4700,1
PTH9,19:38:33,796.8550,1
PTH9,19:38:33,837.9300,1
PTH9,19:39:11,829.8160,1
PTH9,19:39:29,862.9950,2
PTH9,19:39:29,821.9000,2
PTH9,19:39:29,862.9950,1
PTH9,19:40:08,805.4620,4
PTH9,19:40:08,780.9000,1
PTH9,19:40:08,854.8800,3
PTH9,19:40:08,863.1000,13
PTH9,19:40:21,863.1000,1
PTH9,19:42:26,846.6600,6
PTH9,19:42:26,846.6600,3
PTH9,19:47:51,796.6610,1
PTH9,19:47:51,862.3650,1
PTH9,19:47:51,829.5130,1
PTH9,19:48:38,854.1520,1
PTH9,19:51:17,813.2850,1
PTH9,19:52:38,780.6150,1
PTH9,19:54:23,837.8280,1
PTH9,19:54:23,813.1860,1
PTH9,19:55:43,780.2350,1
PTH9,19:55:49,796.6610,12
PTH9,19:56:29,804.9720,2
PTH9,19:56:33,821.3000,1
PTH9,19:56:40,821.3000,5
PTH9,19:56:42,821.3000,1
PTH9,19:57:00,829.6140,2
PTH9,19:58:13,813.1860,2
PTH9,19:58:34,829.6140,1
PTH9,19:58:45,846.0420,1
PTH9,19:59:32,829.7150,2
PTH9,20:01:38,821.3000,1
PTH9,20:01:46,862.3650,2
PTH9,20:02:10,796.6610,3
PTH9,20:02:14,821.3000,1
PTH9,20:02:14,862.3650,1
PTH9,20:02:14,788.4480,3
PTH9,20:02:14,821.3000,3
PTH9,20:02:15,837.7260,1
PTH9,20:02:17,854.1520,3
PTH9,20:02:28,845.9390,1
PTH9,20:03:36,780.2350,30
PTH9,20:04:09,837.8280,3
PTH9,20:04:13,788.5440,1
PTH9,20:04:13,837.7260,5
PTH9,20:04:39,780.2350,1
PTH9,20:06:16,854.5680,2
PTH9,20:06:16,780.6150,1
PTH9,20:08:32,845.9390,20
PTH9,20:08:32,780.2350,1
PTH9,20:10:26,821.3000,10
PTH9,20:10:44,804.8740,5
PTH9,20:12:05,845.8360,2
PTH9,20:12:07,829.5130,1
PTH9,20:12:07,780.2350,1
PTH9,20:14:04,821.0000,10
PTH9,20:14:43,788.9280,2
PTH9,20:14:43,805.3640,3
PTH9,20:15:25,796.4670,1
PTH9,20:18:08,796.5640,3
PTH9,20:18:36,797.2430,1
PTH9,20:19:27,821.7000,1
PTH9,20:19:27,821.7000,3
PTH9,20:20:28,780.7100,1
PTH9,20:20:36,830.1190,1
PTH9,20:21:00,789.1200,1
PTH9,20:21:00,838.4400,16
PTH9,20:21:24,838.4400,4
PTH9,20:21:24,822.0000,10
PTH9,20:21:24,805.5600,3
PTH9,20:21:25,830.3210,1
PTH9,20:26:19,797.5340,1
PTH9,20:26:19,789.3120,1
PTH9,20:26:27,805.8540,1
PTH9,20:26:27,797.6310,1
PTH9,20:26:27,830.5230,2
PTH9,20:26:27,855.2960,2
PTH9,20:26:27,814.3740,2
PTH9,20:26:47,797.9220,2
PTH9,20:28:14,806.5400,5
PTH9,20:28:14,781.8500,3
PTH9,20:30:11,789.8880,2
PTH9,20:30:11,847.5870,2
PTH9,20:30:11,839.3580,1
PTH9,20:30:33,814.6710,3
PTH9,20:33:06,805.8540,1
PTH9,20:33:06,822.3000,1
PTH9,20:34:21,822.5000,1
PTH9,20:34:57,847.0720,1
PTH9,20:37:29,822.8000,1
PTH9,20:37:29,781.8500,17
PTH9,20:37:29,847.6900,1
PTH9,20:37:29,839.4600,1
PTH9,20:38:39,864.1500,1
PTH9,20:38:51,798.4070,5
PTH9,20:39:08,831.3310,5
PTH9,20:39:28,847.7930,3
PTH9,20:40:04,781.8500,1
PTH9,20:40:04,856.1280,2
PTH9,20:40:04,782.0400,1
PTH9,20:40:05,806.4420,1
PTH9,20:40:17,823.2000,1
PTH9,20:40:55,790.0800,1
PTH9,20:41:10,864.5700,1
PTH9,20:41:10,823.4000,1
PTH9,20:41:10,815.1660,1
PTH9,20:41:10,823.4000,2
PTH9,20:41:10,823.4000,1
PTH9,20:41:10,848.1020,1
PTH9,20:43:46,806.0500,2
PTH9,20:43:46,830.6240,1
PTH9,20:45:26,822.6000,1
PTH9,20:45:54,830.9270,2
PTH9,20:47:09,797.7280,1
PTH9,20:51:37,822.5000,3
PTH9,20:56:26,847.7930,2
PTH9,20:57:18,814.7700,2
PTH9,20:57:18,831.2300,1
PTH9,20:58:26,838.9500,1
PTH9,20:58:26,814.2750,2
PTH9,20:58:35,847.7930,1
PTH9,21:02:22,814.9680,2
PTH9,21:02:34,822.6000,2
PTH9,21:02:34,847.2780,2
PTH9,21:02:57,814.2750,2
PTH9,21:02:58,838.8480,1
PTH9,21:02:58,805.9520,1
PTH9,21:02:58,814.0770,2
PTH9,21:02:58,805.8540,2
PTH9,21:03:27,797.3400,1
PTH9,21:03:27,863.1000,2
PTH9,21:04:15,837.6240,1
PTH9,21:04:15,861.9450,1
PTH9,21:04:15,787.6800,1
PTH9,21:04:34,821.0000,1
PTH9,21:04:34,821.2000,2
PTH9,21:05:13,805.2660,1
PTH9,21:07:35,838.1340,1
PTH9,21:20:24,805.0700,2
PTH9,21:35:16,829.9170,2
PTH9,21:35:33,822.4000,2
PTH9,21:35:33,830.7250,3
PTH9,21:43:23,846.2480,2
PTH9,21:43:35,805.0700,1
PTH9,21:43:52,805.1680,1
PTH9,21:44:22,805.1680,1
PTH9,21:44:39,813.3840,10
PTH9,21:44:39,813.3840,5
PTH9,21:44:39,796.9520,1
PTH9,21:44:39,813.3840,1
PTH9,21:44:39,821.6000,1
PTH9,21:44:39,780.5200,1
PTH9,21:47:59,862.5750,1
PTH9,21:50:07,789.1200,1
PTH9,21:51:45,805.1680,1
PTH9,22:03:25,838.4400,1
PTH9,22:03:53,838.4400,1
PTH9,22:03:53,838.2360,1
PTH9,22:03:53,862.7850,2
PTH9,22:07:29,788.4480,2
PTH9,22:07:29,780.1400,1
PTH9,22:07:29,837.6240,97
PTH9,22:09:37,830.0180,1
PTH9,22:09:37,797.2430,2
PTH9,22:09:37,862.9950,2
PTH9,22:09:37,854.8800,10
PTH9,22:09:45,796.6610,2
PTH9,22:09:45,788.3520,2
PTH9,22:09:45,796.4670,46
PTH9,22:10:16,829.5130,1
PTH9,22:10:17,813.0870,1
PTH9,22:13:39,846.0420,1
PTH9,22:13:39,796.7580,1
PTH9,22:15:53,821.0000,1
PTH9,22:17:57,788.1600,15
PTH9,22:25:03,821.5000,1
PTH9,22:35:04,837.3180,1
PTH9,22:38:12,821.5000,3
PTH9,22:38:12,846.1450,2
PTH9,22:38:33,797.1460,2
PTH9,22:38:33,789.0240,2
PTH9,22:38:33,821.9000,1
PTH9,22:38:43,788.1600,2
PTH9,22:38:43,804.4820,1
PTH9,22:38:43,788.0640,2
PTH9,22:38:43,787.9680,5
PTH9,22:40:51,787.7760,6
PTH9,22:40:51,779.5700,1
PTH9,22:42:43,828.7050,2
PTH9,22:42:43,812.2950,55
PTH9,22:47:23,811.8000,1
PTH9,22:47:58,836.6040,1
PTH9,22:47:58,861.2100,1
PTH9,22:47:58,844.8060,2
PTH9,22:47:58,779.1900,2
PTH9,22:47:58,844.8060,4
PTH9,22:48:52,787.6800,2
PTH9,22:50:33,836.8080,2
PTH9,22:50:33,845.1150,3
PTH9,22:50:46,795.7880,2
PTH9,22:54:17,828.7050,1
PTH9,23:08:30,846.0420,1
PTH9,23:08:30,813.1860,1
PTH9,23:19:38,813.6810,2
PTH9,23:27:00,788.3520,1
PTH9,23:34:47,804.2860,2
PTH9,23:34:47,820.6000,1
PTH9,23:34:47,812.2950,2
PTH9,23:34:47,836.7060,2
PTH9,23:34:47,853.1120,13
PTH9,23:42:24,845.4240,2
PTH9,23:49:30,853.1120,1
PTH9,10:00:00,821.6000,1
PTH9,10:00:00,813.4830,1
PTH9,10:00:00,821.9000,3
PTH9,10:00:03,797.2430,1
PTH9,10:00:50,812.6910,1
PTH9,10:01:10,796.3700,1
PTH9,10:03:28,829.9170,1
PTH9,10:04:14,853.6320,1
PTH9,10:04:14,787.3920,3
PTH9,10:04:14,852.9040,2
PTH9,10:04:14,852.9040,2
PTH9,10:04:14,820.0000,3
PTH9,10:04:14,861.0000,27
PTH9,10:04:31,804.6780,1
PTH9,10:05:23,803.7960,1
PTH9,10:05:56,812.4930,1
PTH9,10:06:30,779.4750,1
PTH9,10:07:59,788.1600,30
PTH9,10:08:40,796.3700,3
PTH9,10:08:42,853.8400,27
PTH9,10:08:43,853.8400,2
PTH9,10:09:55,862.0500,1
PTH9,10:10:17,862.2600,1
PTH9,10:11:20,813.2850,1
PTH9,10:11:20,862.6800,1
PTH9,10:11:55,846.1450,4
PTH9,10:12:00,805.0700,4
PTH9,10:13:45,837.9300,3
PTH9,10:13:45,788.6400,1
PTH9,10:13:45,862.5750,2
PTH9,10:13:45,829.7150,3
PTH9,10:13:45,829.7150,4
PTH9,10:14:19,837.9300,1
PTH9,10:16:47,780.5200,4
PTH9,10:17:07,830.0180,1
PTH9,10:19:49,788.9280,1
PTH9,10:19:49,854.6720,1
PTH9,10:19:49,797.3400,5
PTH9,10:19:50,813.7800,4
PTH9,10:19:58,797.3400,2
PTH9,10:19:58,838.4400,2
PTH9,10:19:58,780.9000,1
PTH9,10:20:07,789.1200,1
PTH9,10:21:13,781.0900,1
PTH9,10:21:34,805.8540,1
PTH9,10:22:52,847.0720,5
PTH9,10:25:12,805.8540,2
PTH9,10:25:12,789.4080,1
PTH9,10:25:51,845.9390,1
PTH9,10:28:19,805.5600,1
PTH9,10:28:19,789.1200,1
PTH9,10:32:20,813.7800,5
PTH9,10:32:20,855.0880,4
PTH9,10:32:53,781.3750,1
PTH9,10:32:53,855.5040,2
PTH9,10:33:14,831.1290,1
PTH9,10:33:22,863.7300,3
PTH9,10:33:40,822.9000,1
PTH9,10:33:45,831.1290,1
PTH9,10:34:14,806.4420,2
PTH9,10:34:20,847.5870,3
PTH9,10:35:01,822.9000,1
PTH9,10:35:01,798.2130,1
PTH9,10:37:12,855.8160,1
PTH9,10:46:11,846.9690,2
PTH9,10:46:11,822.3000,5
PTH9,10:46:12,863.4150,8
PTH9,10:46:12,789.4080,2
PTH9,10:46:16,814.0770,4
PTH9,10:46:16,789.4080,1
PTH9,10:46:16,805.8540,2
PTH9,11:00:08,797.8250,5
PTH9,11:04:47,790.1760,1
PTH9,11:10:48,823.2000,6
PTH9,11:10:53,856.1280,1
PTH9,11:10:53,847.8960,3
PTH9,11:10:53,798.7950,1
PTH9,11:10:53,823.5000,6
PTH9,11:12:05,864.6750,5
PTH9,11:12:52,864.4650,1
PTH9,11:16:19,847.9990,1
PTH9,11:16:27,782.3250,1
PTH9,11:16:39,798.6980,1
PTH9,11:18:44,815.2650,1
PTH9,11:18:53,782.3250,16
PTH9,11:18:53,807.0300,4
PTH9,11:19:37,823.6000,1
PTH9,11:19:37,782.4200,2
PTH9,11:19:37,856.5440,2
PTH9,11:21:28,864.9900,1
PTH9,11:22:29,782.5150,1
PTH9,11:25:37,856.1280,1
PTH9,11:31:54,814.8690,2
PTH9,11:31:54,806.6380,1
PTH9,11:37:10,831.9370,4
PTH9,11:37:10,815.4630,1
PTH9,11:45:05,781.6600,1
PTH9,11:46:29,781.6600,1
PTH9,11:52:26,863.9400,1
PTH9,11:53:49,798.1160,1
PTH9,12:04:03,831.2300,1
PTH9,12:04:03,806.8340,1
PTH9,12:13:17,798.8920,1
PTH9,12:13:17,864.8850,1
PTH9,12:13:17,848.4110,1
PTH9,12:14:31,798.9890,1
PTH9,12:14:31,840.1740,1
PTH9,12:16:49,807.2260,1
PTH9,12:16:49,823.8000,1
PTH9,12:16:49,840.3780,3
PTH9,12:16:49,799.2800,1
PTH9,12:16:49,824.0000,5
PTH9,12:17:06,791.0400,3
PTH9,12:20:00,856.9600,10
PTH9,12:21:20,782.9900,3
PTH9,12:24:03,824.2000,2
PTH9,12:25:19,849.1320,1
PTH9,12:26:58,840.8880,1
PTH9,12:29:30,816.2550,2
PTH9,12:30:41,866.0400,1
PTH9,12:30:41,840.8880,5
PTH9,12:30:41,840.8880,5
PTH9,12:31:30,832.9470,2
PTH9,12:33:47,832.9470,1
PTH9,12:33:47,799.9590,1
PTH9,12:36:16,808.0100,2
PTH9,12:38:33,840.8880,1
PTH9,12:38:48,807.9120,14
PTH9,12:38:49,816.1560,15
PTH9,12:43:17,857.6880,1
PTH9,12:50:15,849.4410,4
PTH9,12:50:15,791.8080,1
PTH9,12:53:33,783.5600,2
PTH9,12:53:53,783.6550,3
PTH9,12:54:02,849.6470,20
PTH9,12:55:03,849.7500,1
PTH9,12:55:03,783.7500,1
PTH9,12:55:03,866.2500,1
PTH9,12:55:03,800.2500,1
PTH9,12:55:03,783.7500,5
PTH9,12:55:03,783.7500,5
PTH9,12:55:03,783.7500,1
PTH9,12:55:03,841.5000,2
PTH9,12:55:04,783.7500,1
PTH9,12:55:04,792.0000,1
PTH9,12:57:09,808.5000,1
PTH9,13:01:19,792.0000,1
PTH9,13:01:19,808.5000,2
PTH9,13:05:34,858.0000,2
PTH9,13:06:56,825.0000,28
PTH9,13:07:00,792.0960,2
PTH9,13:07:00,783.8450,1
PTH9,13:07:00,858.1040,1
PTH9,13:07:02,792.2880,1
PTH9,13:07:10,808.8920,1
PTH9,13:07:10,792.3840,1
PTH9,13:07:10,817.1460,1
PTH9,13:07:10,866.6700,1
PTH9,13:07:10,792.3840,3
PTH9,13:07:14,825.5000,2
PTH9,13:07:29,817.3440,3
PTH9,13:07:57,792.6720,1
PTH9,13:08:00,825.7000,1
PTH9,13:08:35,825.8000,1
PTH9,13:08:37,825.8000,1
PTH9,13:08:37,858.8320,1
PTH9,13:08:54,817.6410,2
PTH9,13:08:54,825.9000,2
PTH9,13:09:15,784.7000,1
PTH9,13:09:15,784.7000,5
PTH9,13:09:15,793.1520,3
PTH9,13:09:16,842.6220,1
PTH9,13:09:56,817.6410,1
PTH9,13:11:43,866.4600,2
PTH9,13:11:44,816.9480,2
PTH9,13:11:44,850.0590,10
PTH9,13:12:10,808.6960,1
PTH9,13:13:02,850.6770,2
PTH9,13:13:02,809.4800,4
PTH9,13:13:02,809.5780,2
PTH9,13:13:02,834.3610,9
PTH9,13:13:02,784.7950,2
PTH9,13:13:03,784.7950,1
PTH9,13:13:03,808.6960,10
PTH9,13:13:10,858.2080,5
PTH9,13:14:18,817.2450,5
PTH9,13:15:42,801.3170,1
PTH9,13:16:32,825.6000,5
PTH9,13:17:23,800.6380,2
PTH9,13:17:23,825.4000,3
PTH9,13:18:11,850.1620,6
PTH9,13:18:43,800.6380,2
PTH9,13:27:42,858.3120,2
PTH9,13:27:42,841.8060,1
PTH9,13:28:40,784.0350,2
PTH9,13:29:06,833.5530,3
PTH9,13:29:06,784.0350,2
PTH9,13:29:06,866.5650,1
PTH9,13:30:42,808.7940,2
PTH9,13:30:42,817.0470,2
PTH9,13:31:21,792.2880,5
PTH9,13:37:21,850.0590,15
PTH9,13:38:09,825.2000,1
PTH9,13:38:23,825.2000,20
PTH9,13:41:41,841.7040,20
PTH9,13:42:15,792.1920,1
PTH9,13:50:44,842.0100,1
PTH9,13:51:05,850.5740,5
PTH9,13:51:06,817.5420,5
PTH9,13:51:38,792.7680,7
PTH9,13:55:31,834.0580,1
PTH9,13:56:32,842.3160,1
PTH9,13:56:32,842.3160,2
PTH9,13:56:32,825.8000,1
PTH9,13:56:47,784.5100,2
PTH9,13:56:47,825.8000,1
PTH9,14:06:04,850.0590,5
PTH9,14:06:05,825.3000,5
PTH9,14:08:14,850.0590,1
PTH9,14:09:12,792.0000,2
PTH9,14:10:36,808.5000,1
PTH9,14:14:50,833.5530,3
PTH9,14:15:31,858.3120,86
PTH9,14:15:31,833.6540,5
PTH9,14:15:31,800.6380,2
PTH9,14:17:24,850.2650,1
PTH9,14:17:56,784.4150,25
PTH9,14:19:04,833.6540,1
PTH9,14:20:42,817.3440,3
PTH9,14:20:54,850.4710,65
PTH9,14:20:54,784.4150,2
PTH9,14:20:54,801.1230,1
PTH9,14:20:54,784.6050,1
PTH9,14:20:54,834.1590,1
PTH9,14:20:54,809.3820,2
PTH9,14:20:59,859.1440,2
PTH9,14:20:59,850.8830,5
PTH9,14:20:59,817.8390,5
PTH9,14:21:00,867.5100,1
PTH9,14:21:00,859.2480,2
PTH9,14:21:21,809.6760,2
PTH9,14:21:22,850.9860,5
PTH9,14:23:10,867.5100,13
PTH9,14:23:10,784.8900,20
PTH9,14:23:31,859.4560,1
PTH9,14:24:10,842.7240,1
PTH9,14:24:59,833.8560,5
PTH9,14:27:35,784.7950,1
PTH9,14:28:55,834.3610,1
PTH9,14:29:42,826.2000,20
PTH9,14:29:54,834.2600,37
PTH9,14:30:02,826.3000,5
PTH9,14:30:15,834.6640,1
PTH9,14:30:15,801.6080,1
PTH9,14:30:41,826.4000,1
PTH9,14:30:42,834.6640,5
PTH9,14:31:11,793.3440,4
PTH9,14:32:03,818.2350,3
PTH9,14:32:50,809.7740,1
PTH9,14:32:57,867.9300,1
PTH9,14:42:15,826.1000,2
PTH9,14:43:38,867.9300,1
PTH9,14:43:55,826.0000,5
PTH9,14:45:06,858.7280,1
PTH9,14:48:25,826.4000,1
PTH9,14:59:29,817.7400,10
PTH9,15:01:00,859.4560,3
PTH9,15:03:00,859.3520,1
PTH9,15:03:00,784.9850,1
PTH9,15:03:00,867.6150,1
PTH9,15:03:00,784.9850,1
PTH9,15:03:00,809.7740,1
PTH9,15:09:52,842.0100,1
PTH9,15:10:13,800.2500,7
PTH9,15:10:13,841.5000,3
PTH9,15:12:12,792.1920,1
PTH9,15:14:29,809.1860,1
PTH9,15:14:29,858.7280,1
PTH9,15:14:47,784.4150,1
PTH9,15:14:58,800.9290,2
PTH9,15:15:13,817.4430,3
PTH9,15:15:13,858.7280,1
PTH9,15:15:13,784.4150,1
PTH9,15:15:24,866.9850,1
PTH9,15:15:24,792.6720,9
PTH9,15:18:25,792.6720,8
PTH9,15:18:25,866.9850,2
PTH9,15:18:25,866.9850,1
PTH9,15:18:25,826.1000,2
PTH9,15:18:25,867.5100,5
PTH9,15:18:25,826.3000,3
PTH9,15:19:54,783.6550,1
PTH9,15:19:54,841.3980,5
PTH9,15:19:54,791.9040,1
PTH9,15:19:54,866.1450,3
PTH9,15:20:29,825.0000,5
PTH9,15:20:31,841.5000,5
PTH9,15:21:38,858.0000,1
PTH9,15:21:38,866.2500,1
PTH9,15:22:22,808.4020,1
PTH9,15:22:22,816.6510,1
PTH9,15:22:22,833.1490,1
PTH9,15:22:22,783.1800,2
PTH9,15:22:22,850.1620,5
PTH9,15:22:50,817.1460,5
PTH9,15:26:20,825.4000,5
PTH9,15:26:20,808.8920,5
PTH9,15:26:20,841.9080,1
PTH9,15:26:20,866.6700,3
PTH9,15:26:20,825.4000,1
PTH9,15:28:03,858.5200,1
PTH9,15:30:42,826.0000,2
PTH9,15:30:42,826.0000,3
PTH9,15:31:08,850.7800,3
PTH9,15:31:08,808.8920,2
PTH9,15:31:11,808.5000,3
PTH9,15:31:36,783.7500,20
PTH9,15:32:54,808.5000,20
PTH9,15:33:01,841.5000,3
PTH9,15:33:01,849.7500,7
PTH9,15:33:56,865.9350,1
PTH9,15:34:37,816.4530,5
PTH9,15:34:42,841.5000,5
PTH9,15:35:33,791.7120,1
PTH9,15:37:53,832.9470,2
PTH9,15:39:30,832.9470,2
PTH9,15:40:44,824.9000,1
PTH9,15:41:44,825.0000,1
PTH9,15:44:11,791.7120,1
PTH9,15:45:45,849.4410,1
PTH9,15:48:01,791.9040,3
PTH9,15:51:45,783.7500,1
PTH9,15:51:45,792.0000,1
PTH9,15:51:45,816.7500,2
PTH9,15:51:45,833.2500,1
PTH9,15:51:48,841.5000,31
PTH9,15:59:29,858.5200,5
PTH9,15:59:47,850.8830,1
PTH9,16:01:03,809.1860,5
PTH9,16:01:13,842.4180,5
PTH9,16:01:13,792.9600,1
PTH9,16:01:30,784.7950,1
PTH9,16:01:30,793.0560,5
PTH9,16:01:34,793.1520,1
PTH9,16:01:40,793.4400,1
PTH9,16:01:40,793.4400,2
PTH9,16:01:40,801.8020,5
PTH9,16:01:40,826.5000,1
PTH9,16:01:48,809.8720,10
PTH9,16:01:48,826.7000,1
PTH9,16:02:09,818.2350,5
PTH9,16:02:11,826.6000,5
PTH9,16:02:13,843.2340,1
PTH9,16:02:13,810.2640,1
PTH9,16:02:13,793.7280,1
PTH9,16:02:37,859.7680,1
PTH9,16:02:40,818.5320,2
PTH9,16:02:40,785.4600,2
PTH9,16:02:40,835.1690,1
PTH9,16:02:40,868.2450,1
PTH9,16:02:40,826.9000,1
PTH9,16:02:40,802.0930,3
PTH9,16:02:42,868.1400,5
PTH9,16:02:43,802.0930,2
PTH9,16:02:43,810.4600,5
PTH9,16:02:43,793.9200,1
PTH9,16:02:43,851.8100,1
PTH9,16:02:43,835.2700,10
PTH9,16:02:43,868.1400,1
PTH9,16:03:30,835.1690,2
PTH9,16:03:46,843.4380,3
PTH9,16:06:23,835.1690,1
PTH9,16:06:23,810.3620,1
PTH9,16:06:23,785.5550,4
PTH9,16:06:24,826.9000,1
PTH9,16:06:24,867.8250,4
PTH9,16:07:29,785.1750,20
PTH9,16:08:09,818.2350,1
PTH9,16:08:28,793.4400,19
PTH9,16:09:01,802.0930,1
PTH9,16:09:11,818.6310,19
PTH9,16:09:11,826.6000,1
PTH9,16:09:11,867.8250,27
PTH9,16:12:22,785.5550,1
PTH9,16:12:58,818.7300,1
PTH9,16:13:00,785.6500,1
PTH9,16:17:47,802.0930,2
PTH9,16:20:20,801.8020,1
PTH9,16:20:20,785.2700,1
PTH9,16:21:18,826.3000,1
PTH9,16:21:38,785.0800,1
PTH9,16:22:04,867.6150,1
PTH9,16:22:12,851.2950,1
PTH9,16:22:13,793.5360,1
PTH9,16:23:03,859.5600,1
PTH9,16:23:50,859.5600,1
PTH9,16:23:50,851.2950,1
PTH9,16:23:50,818.2350,1
PTH9,16:23:50,801.7050,1
PTH9,16:26:09,785.5550,5
PTH9,16:28:57,801.7050,2
PTH9,16:30:41,859.5600,1
PTH9,16:30:43,851.2950,1
PTH9,16:30:43,801.7050,1
PTH9,16:30:43,793.4400,1
PTH9,16:30:43,818.2350,1
PTH9,16:30:53,809.9700,2
PTH9,16:31:00,818.2350,2
PTH9,16:34:39,818.6310,5
PTH9,16:37:05,785.5550,10
PTH9,16:37:10,868.2450,1
PTH9,16:37:43,834.7650,2
PTH9,16:37:46,826.5000,2
PTH9,16:37:55,793.4400,1
PTH9,16:37:55,785.1750,1
PTH9,16:37:58,826.0000,2
PTH9,16:42:16,785.3650,6
PTH9,16:54:38,834.5630,10
PTH9,17:00:05,867.4050,2
PTH9,17:00:11,784.7000,1
PTH9,17:00:11,809.4800,1
PTH9,17:00:14,792.9600,2
PTH9,17:00:19,792.9600,1
PTH9,17:00:19,792.9600,1
PTH9,17:00:54,784.7000,14
PTH9,17:02:37,801.0260,1
PTH9,17:03:59,866.7750,5
PTH9,17:04:11,808.9900,1
PTH9,17:06:50,833.7550,10
PTH9,17:06:50,800.7350,4
PTH9,17:07:24,866.7750,1
PTH9,17:07:24,825.5000,3
PTH9,17:08:25,866.7750,1
PTH9,17:08:40,866.7750,1
PTH9,17:11:34,792.7680,5
PTH9,17:11:58,792.9600,1
PTH9,17:11:58,867.3000,4
PTH9,17:11:58,842.5200,50
PTH9,17:11:58,826.2000,2
PTH9,17:11:58,809.6760,1
PTH9,17:11:58,793.1520,1
PTH9,17:11:59,793.1520,2
PTH9,17:11:59,842.7240,2
PTH9,17:11:59,793.1520,2
PTH9,17:11:59,801.4140,1
PTH9,17:12:03,784.9850,1
PTH9,17:12:27,851.0890,1
PTH9,17:13:06,851.1920,1
PTH9,17:13:12,859.5600,2
PTH9,17:13:20,810.1660,2
PTH9,17:13:26,793.7280,3
PTH9,17:13:48,801.9960,2
PTH9,17:13:48,818.6310,2
PTH9,17:13:48,868.2450,3
PTH9,17:13:50,793.8240,2
PTH9,17:13:54,810.4600,8
PTH9,17:13:54,868.3500,1
PTH9,17:14:01,827.1000,1
PTH9,17:14:02,785.7450,1
PTH9,17:14:47,843.6420,4
PTH9,17:15:10,843.5400,1
PTH9,17:17:45,818.9280,3
PTH9,17:18:24,802.2870,2
PTH9,17:19:41,818.3340,1
PTH9,17:23:04,785.8400,1
PTH9,17:23:04,810.6560,1
PTH9,17:23:05,852.1190,2
PTH9,17:23:05,802.4810,2
PTH9,17:23:05,835.6740,50
PTH9,17:23:05,852.2220,1
PTH9,17:23:07,794.4000,2
PTH9,17:23:09,835.8760,3
PTH9,17:23:09,802.7720,1
PTH9,17:23:53,835.9770,2
PTH9,17:24:10,819.4230,1
PTH9,17:24:17,869.1900,2
PTH9,17:24:17,844.4580,30
PTH9,17:24:18,794.8800,1
PTH9,17:24:18,869.4000,2
PTH9,17:24:18,861.1200,1
PTH9,17:24:18,803.1600,2
PTH9,17:24:18,828.0000,5
PTH9,17:24:18,861.2240,2
PTH9,17:24:18,828.2000,1
PTH9,17:24:18,786.7900,5
PTH9,17:24:18,836.5830,70
PTH9,17:24:18,836.2800,1
PTH9,17:24:18,869.4000,4
PTH9,17:24:19,861.1200,2
PTH9,17:24:35,811.6360,1
PTH9,17:24:51,811.7340,1
PTH9,17:24:51,795.2640,1
PTH9,17:24:51,861.4320,2
PTH9,17:25:55,860.8080,1
PTH9,17:26:26,852.4280,1
