SECID,TRADETIME,PRICE,QUANTITY
PDH9,20:52:59,1249.2960,1
PDH9,21:20:20,1327.9788,1
PDH9,21:22:41,1316.7976,1
PDH9,21:23:50,1264.7927,1
PDH9,22:33:36,1302.9800,1
PDH9,10:00:00,1238.7050,1
PDH9,10:00:00,1303.9100,9
PDH9,10:00:12,1257.6000,1
PDH9,10:20:13,1278.9000,2
PDH9,11:02:31,1368.1395,1
PDH9,11:12:39,1275.0976,1
PDH9,11:14:07,1285.0200,1
PDH9,11:14:33,1272.0400,2
PDH9,11:15:01,1348.6512,1
PDH9,11:17:33,1322.8584,1
PDH9,11:22:41,1261.9700,1
PDH9,12:16:47,1260.0300,1
PDH9,12:31:42,1232.1500,1
PDH9,12:31:42,1258.0900,1
PDH9,12:40:39,1348.3496,1
PDH9,12:40:39,1283.5251,1
PDH9,12:53:14,1282.0500,1
PDH9,12:53:14,1307.9500,1
PDH9,12:53:14,1268.6492,1
PDH9,12:54:36,1253.6765,1
PDH9,12:56:30,1292.4500,1
PDH9,13:04:54,1283.8716,1
PDH9,13:15:54,1321.3590,1
PDH9,13:17:27,1305.3745,1
PDH9,13:45:41,1282.0500,1
PDH9,15:15:03,1281.0600,1
PDH9,15:43:52,1322.4300,2
PDH9,16:12:50,1241.7216,1
PDH9,16:49:06,1351.9896,1
PDH9,16:49:06,1338.9897,1
PDH9,17:07:42,1267.7900,1
PDH9,17:07:42,1241.6500,1
PDH9,17:07:42,1241.6500,1
PDH9,17:07:42,1293.9300,1
PDH9,17:07:46,1372.3500,4
PDH9,17:12:21,1323.0899,1
PDH9,17:12:21,1323.1000,6
PDH9,17:12:21,1349.3000,2
PDH9,17:22:53,1262.4000,2
PDH9,17:26:51,1339.1478,1
PDH9,17:26:51,1376.4450,199
PDH9,17:48:20,1272.6012,1
PDH9,17:51:40,1249.2500,1
PDH9,17:51:40,1301.8995,1
PDH9,18:02:45,1301.8995,1
PDH9,18:04:47,1257.6096,1
PDH9,18:04:48,1336.2102,1
PDH9,18:04:48,1257.6000,1
PDH9,18:04:48,1375.5000,8
PDH9,18:04:48,1283.8000,2
PDH9,18:04:48,1270.7000,1
PDH9,18:04:48,1283.8000,1
PDH9,18:04:48,1283.8000,2
PDH9,18:04:48,1283.8000,1
PDH9,18:04:48,1375.5000,1
PDH9,18:04:48,1296.9000,1
PDH9,18:04:48,1296.9000,2
PDH9,18:04:48,1307.1800,2
PDH9,18:04:48,1306.8700,1
PDH9,18:04:48,1280.7326,1
PDH9,18:04:48,1293.8013,1
PDH9,18:04:48,1319.8074,3
PDH9,18:04:48,1345.9422,6
PDH9,18:04:48,1359.0096,1
PDH9,18:04:48,1254.4704,6
PDH9,18:04:48,1371.9090,1
PDH9,18:04:48,1306.5800,1
PDH9,18:04:48,1345.6229,1
PDH9,18:04:48,1371.7515,2
PDH9,18:04:48,1332.5586,2
PDH9,18:04:48,1254.1728,1
PDH9,18:04:48,1254.1728,1
PDH9,18:04:48,1241.1085,3
PDH9,18:04:48,1358.6872,1
PDH9,18:34:00,1292.6200,5
PDH9,18:34:00,1372.7896,2
PDH9,18:34:00,1372.8000,2
PDH9,18:34:00,1306.8000,2
PDH9,18:34:00,1320.0000,5
PDH9,18:34:00,1373.5488,2
PDH9,18:35:08,1285.2403,1
PDH9,18:35:50,1324.9900,1
PDH9,18:35:50,1351.5000,3
PDH9,18:35:50,1312.0371,2
PDH9,18:35:50,1260.1085,1
PDH9,18:41:39,1299.6662,1
PDH9,18:43:25,1375.2544,2
PDH9,18:44:52,1324.0500,100
PDH9,19:20:45,1373.6544,1
PDH9,19:20:45,1488.9576,3
PDH9,19:20:45,1446.0170,1
PDH9,19:21:52,1446.5422,35
PDH9,19:22:09,1432.0000,2
PDH9,19:22:09,1404.2322,13
PDH9,19:22:49,1355.9825,1
PDH9,19:22:59,1384.5295,2
PDH9,19:23:21,1384.5295,1
PDH9,19:23:36,1470.1190,1
PDH9,19:55:37,1457.5800,1
PDH9,20:15:50,1360.9320,1
PDH9,20:33:22,1370.8992,1
PDH9,20:33:22,1485.1200,1
PDH9,20:33:22,1441.6942,1
PDH9,20:33:22,1413.0864,1
PDH9,20:36:25,1502.2875,1
PDH9,20:36:25,1473.8991,1
PDH9,20:36:25,1460.1504,8
PDH9,20:59:57,1441.9972,1
PDH9,21:04:47,1389.0303,1
PDH9,21:04:47,1403.3600,1
PDH9,21:04:47,1504.2405,1
PDH9,21:04:47,1461.3540,2
PDH9,21:04:47,1504.8390,2
PDH9,21:04:47,1477.6277,2
PDH9,21:04:47,1449.3500,6
PDH9,21:27:38,1485.6400,1
PDH9,21:27:38,1499.7780,2
PDH9,21:27:38,1456.7946,1
PDH9,21:27:38,1399.1656,5
PDH9,21:27:38,1498.8855,1
PDH9,21:27:38,1484.6000,1
PDH9,21:27:38,1470.1190,2
PDH9,21:27:38,1498.5495,2
PDH9,21:27:38,1426.0000,1
PDH9,21:27:38,1354.5385,2
PDH9,21:27:38,1453.6632,7
PDH9,21:27:38,1425.0000,1
PDH9,21:27:38,1496.2500,1
PDH9,21:33:30,1453.5000,5
PDH9,21:41:48,1467.7500,1
PDH9,21:45:10,1368.0000,2
PDH9,21:45:49,1436.2200,2
PDH9,21:59:13,1424.8700,1
PDH9,22:02:48,1465.8239,1
PDH9,22:02:48,1492.1970,1
PDH9,22:04:30,1424.8800,1
PDH9,22:04:40,1367.8848,1
PDH9,22:11:22,1467.6264,1
PDH9,22:11:31,1481.8752,1
PDH9,22:11:39,1439.1288,1
PDH9,22:11:45,1424.8800,1
PDH9,22:11:52,1439.1288,1
PDH9,22:11:59,1496.1240,1
PDH9,22:12:06,1467.6264,1
PDH9,22:12:12,1382.1336,1
PDH9,22:12:18,1439.2500,1
PDH9,22:12:24,1368.0000,1
PDH9,22:12:35,1482.0000,1
PDH9,22:12:40,1496.2500,1
PDH9,22:12:58,1382.2500,1
PDH9,22:25:49,1382.2500,3
PDH9,22:40:06,1467.7500,7
PDH9,22:41:36,1394.3832,1
PDH9,23:20:00,1409.7600,1
PDH9,23:24:47,1399.3420,1
PDH9,23:26:39,1499.3895,1
PDH9,23:47:18,1386.1106,1
PDH9,23:47:28,1443.2900,4
PDH9,10:00:00,1472.4983,4
PDH9,10:00:00,1430.0000,1
PDH9,10:00:00,1434.0000,15
PDH9,10:00:00,1406.3000,4
PDH9,10:00:00,1377.6000,1
PDH9,10:00:00,1463.7102,4
PDH9,10:00:09,1496.8720,1
PDH9,10:00:09,1442.5700,2
PDH9,10:00:09,1500.5744,1
PDH9,10:00:54,1399.1571,1
PDH9,10:00:54,1413.5814,2
PDH9,10:00:54,1500.0856,1
PDH9,10:00:59,1500.0856,2
PDH9,10:00:59,1456.8038,20
PDH9,10:01:01,1413.2384,3
PDH9,10:01:54,1461.4599,2
PDH9,10:02:28,1517.7750,1
PDH9,10:02:36,1418.0404,2
PDH9,10:03:08,1456.9351,2
PDH9,10:03:10,1456.9351,2
PDH9,10:03:19,1504.8696,1
PDH9,10:03:19,1504.8696,1
PDH9,10:04:09,1500.7720,2
PDH9,10:04:13,1490.4100,1
PDH9,10:04:13,1375.6000,1
PDH9,10:06:56,1419.0204,2
PDH9,10:06:56,1433.5101,2
PDH9,10:06:56,1520.4000,1
PDH9,10:09:18,1386.0768,1
PDH9,10:09:32,1447.0000,1
PDH9,10:09:32,1390.0800,1
PDH9,10:11:20,1444.4000,1
PDH9,10:11:47,1502.2800,1
PDH9,10:13:45,1473.4002,1
PDH9,10:16:11,1502.8000,1
PDH9,10:16:39,1429.9263,1
PDH9,10:17:08,1459.4601,1
PDH9,10:17:14,1372.7595,2
PDH9,10:17:25,1372.7595,1
PDH9,10:17:47,1458.8137,2
PDH9,10:17:56,1372.7595,1
PDH9,10:17:59,1445.0100,1
PDH9,10:20:37,1372.7595,1
PDH9,10:20:37,1430.5599,1
PDH9,10:20:42,1401.9604,1
PDH9,10:20:42,1488.6899,1
PDH9,10:20:52,1462.4598,1
PDH9,10:23:49,1474.8384,1
PDH9,10:29:12,1374.1845,1
PDH9,10:29:12,1475.4402,1
PDH9,10:30:37,1375.6000,1
PDH9,10:30:37,1491.4400,1
PDH9,10:31:27,1520.8725,8
PDH9,10:31:27,1404.9965,1
PDH9,10:31:40,1492.1404,1
PDH9,10:31:40,1477.6740,3
PDH9,10:31:40,1463.3890,1
PDH9,10:31:40,1434.4605,1
PDH9,10:31:40,1506.9392,20
PDH9,10:31:40,1506.9600,5
PDH9,10:31:40,1493.0571,3
PDH9,10:31:40,1464.0657,1
PDH9,10:31:43,1506.7312,1
PDH9,10:31:43,1406.0732,3
PDH9,10:31:43,1391.5872,6
PDH9,10:31:43,1522.5000,1
PDH9,10:31:43,1479.0000,2
PDH9,10:31:50,1508.0000,1
PDH9,10:32:32,1511.4840,1
PDH9,10:33:26,1478.1942,5
PDH9,10:33:27,1507.1784,1
PDH9,10:33:33,1406.5000,1
PDH9,10:33:46,1438.4700,1
PDH9,10:33:51,1508.2600,1
PDH9,10:34:15,1496.5900,1
PDH9,10:36:33,1452.0000,3
PDH9,10:36:37,1525.3560,1
PDH9,10:36:37,1409.4100,1
PDH9,10:36:37,1496.5900,1
PDH9,10:36:52,1409.7495,1
PDH9,10:36:52,1395.3408,1
PDH9,10:36:52,1425.8902,1
PDH9,10:36:52,1426.3900,2
PDH9,10:36:52,1456.0700,2
PDH9,10:36:52,1528.8315,1
PDH9,10:36:52,1514.9264,1
PDH9,10:37:45,1442.5686,1
PDH9,10:37:54,1530.3120,1
PDH9,10:38:23,1473.3678,7
PDH9,10:38:52,1531.6350,1
PDH9,10:38:52,1487.8740,1
PDH9,10:39:11,1531.6350,1
PDH9,10:39:32,1400.3520,1
PDH9,10:39:57,1517.3808,1
PDH9,10:39:57,1517.3808,4
PDH9,10:40:23,1400.8704,1
PDH9,10:40:23,1488.4350,8
PDH9,10:40:23,1517.6200,1
PDH9,10:40:33,1473.8425,1
PDH9,10:40:33,1474.6000,9
PDH9,10:40:37,1459.2400,1
PDH9,10:40:54,1429.5064,1
PDH9,10:40:54,1401.6000,1
PDH9,10:41:45,1444.9743,6
PDH9,10:42:00,1502.4198,1
PDH9,10:42:20,1502.3683,1
PDH9,10:42:21,1400.2656,5
PDH9,10:42:54,1428.3500,2
PDH9,10:43:07,1515.5712,2
PDH9,10:43:07,1500.9984,4
PDH9,10:43:33,1380.9295,10
PDH9,10:44:00,1410.3897,2
PDH9,10:44:00,1410.3897,3
PDH9,10:44:27,1511.2032,1
PDH9,10:44:35,1497.6200,5
PDH9,10:44:35,1410.3897,2
PDH9,10:44:46,1454.0100,3
PDH9,10:44:46,1525.6500,1
PDH9,10:45:55,1511.1512,1
PDH9,10:46:36,1497.1050,1
PDH9,10:49:14,1380.3595,2
PDH9,10:49:14,1482.0600,1
PDH9,10:49:51,1394.1792,1
PDH9,10:49:51,1496.1162,1
PDH9,10:52:21,1438.4700,1
PDH9,11:00:17,1466.5200,2
PDH9,11:02:10,1523.2455,1
PDH9,11:04:53,1495.8175,1
PDH9,11:05:17,1435.9950,2
PDH9,11:05:17,1494.0150,1
PDH9,11:06:24,1379.6660,1
PDH9,11:07:22,1438.4700,1
PDH9,11:09:46,1422.9796,1
PDH9,11:10:12,1468.8127,2
PDH9,11:10:12,1483.3656,2
PDH9,11:10:12,1439.9550,1
PDH9,11:10:12,1439.9550,1
PDH9,11:10:12,1396.3680,1
PDH9,11:10:37,1440.9945,2
PDH9,11:10:37,1470.1156,1
PDH9,11:10:37,1470.1156,1
PDH9,11:10:37,1384.6060,1
PDH9,11:10:52,1443.2616,1
PDH9,11:12:55,1380.4925,3
PDH9,11:12:55,1424.0870,1
PDH9,11:12:58,1443.2715,1
PDH9,11:15:38,1512.6696,2
PDH9,11:18:53,1512.9816,1
PDH9,11:20:12,1453.5100,1
PDH9,11:20:12,1510.3296,2
PDH9,11:20:12,1466.7321,3
PDH9,11:20:12,1437.1533,2
PDH9,11:20:12,1450.7000,8
PDH9,11:20:12,1406.9850,6
PDH9,11:20:12,1493.6133,18
PDH9,11:20:20,1453.5200,1
PDH9,11:21:00,1440.9351,1
PDH9,11:21:00,1499.1650,1
PDH9,11:21:24,1413.1736,1
PDH9,11:25:36,1497.6200,1
PDH9,11:31:19,1409.9823,1
PDH9,11:31:19,1497.1462,2
PDH9,11:31:22,1380.9105,1
PDH9,11:34:12,1497.8260,1
PDH9,11:34:12,1454.0100,1
PDH9,11:35:50,1440.4500,1
PDH9,11:35:50,1425.9196,1
PDH9,11:42:29,1527.4665,1
PDH9,11:46:36,1484.2224,1
PDH9,11:49:21,1470.3176,2
PDH9,11:51:01,1384.1215,2
PDH9,11:51:01,1515.2592,1
PDH9,11:51:01,1457.9900,1
PDH9,11:51:01,1487.1600,1
PDH9,11:51:01,1458.8900,1
PDH9,11:51:01,1488.0984,2
PDH9,11:51:01,1445.3505,1
PDH9,11:51:01,1430.8000,1
PDH9,11:57:07,1471.5700,1
PDH9,11:59:24,1529.0310,1
PDH9,12:07:09,1513.7512,1
PDH9,12:12:44,1470.5600,1
PDH9,12:12:44,1514.2400,1
PDH9,12:16:04,1499.1959,1
PDH9,12:16:16,1455.5300,1
PDH9,12:17:20,1514.2400,2
PDH9,12:17:35,1397.6832,1
PDH9,12:17:38,1485.1200,2
PDH9,12:30:52,1528.3065,2
PDH9,12:31:06,1516.3928,3
PDH9,12:31:06,1429.7710,2
PDH9,12:31:06,1532.0655,4
PDH9,12:33:09,1484.6508,1
PDH9,12:40:51,1528.3065,3
PDH9,12:56:00,1409.3712,2
PDH9,12:56:26,1513.2000,1
PDH9,12:59:45,1466.1160,1
PDH9,12:59:57,1524.1800,2
PDH9,13:00:22,1495.1480,1
PDH9,13:00:22,1422.5680,2
PDH9,13:00:49,1437.0840,1
PDH9,13:00:55,1451.6000,1
PDH9,13:02:50,1498.4440,1
PDH9,13:02:50,1454.8000,4
PDH9,13:04:01,1437.2820,1
PDH9,13:04:28,1422.7640,5
PDH9,13:08:14,1494.7875,1
PDH9,13:17:16,1495.5600,2
PDH9,13:17:23,1495.5600,2
PDH9,13:18:14,1512.7840,1
PDH9,13:21:31,1396.4160,2
PDH9,13:21:31,1454.6000,5
PDH9,13:31:13,1498.2380,1
PDH9,13:37:42,1440.0540,1
PDH9,13:38:13,1527.3300,1
PDH9,13:38:13,1498.2380,1
PDH9,13:38:13,1425.5080,1
PDH9,13:39:43,1410.9620,10
PDH9,13:45:04,1395.8400,1
PDH9,13:45:04,1526.7000,1
PDH9,13:48:51,1527.9705,3
PDH9,13:48:58,1484.3244,1
PDH9,14:28:15,1381.8700,1
PDH9,14:28:15,1512.6904,1
PDH9,14:28:15,1439.9550,1
PDH9,14:29:07,1512.7840,1
PDH9,14:29:48,1469.1460,1
PDH9,14:29:48,1527.2250,1
PDH9,14:42:34,1526.9625,1
PDH9,14:52:48,1437.9354,2
PDH9,14:53:44,1466.9846,2
PDH9,14:56:24,1409.1675,1
PDH9,14:56:24,1452.5100,1
PDH9,14:56:24,1495.9205,1
PDH9,14:56:24,1378.6970,1
PDH9,14:56:24,1523.8125,7
PDH9,14:56:24,1479.8262,2
PDH9,14:56:24,1407.0723,1
PDH9,14:56:24,1522.5000,1
PDH9,14:56:24,1435.5000,1
PDH9,14:56:24,1421.0000,1
PDH9,14:56:24,1406.5000,2
PDH9,14:56:29,1463.4900,1
PDH9,14:58:14,1460.4499,3
PDH9,14:58:14,1503.8192,1
PDH9,14:58:14,1445.3600,1
PDH9,14:58:14,1387.5360,8
PDH9,14:58:14,1416.4430,1
PDH9,14:58:15,1504.5264,4
PDH9,15:11:45,1433.5200,1
PDH9,15:11:45,1490.5027,9
PDH9,15:11:49,1447.0800,10
PDH9,15:11:53,1475.9400,1
PDH9,15:11:53,1403.4930,7
PDH9,15:12:14,1475.8380,1
PDH9,15:12:50,1417.9620,1
PDH9,15:13:24,1374.7450,1
PDH9,15:13:39,1504.9840,5
PDH9,15:13:42,1447.1000,1
PDH9,15:14:11,1519.4550,2
PDH9,15:18:31,1491.4400,1
PDH9,15:21:33,1450.0700,2
PDH9,15:27:44,1520.8620,1
PDH9,15:32:17,1519.3500,1
PDH9,15:36:21,1506.1800,1
PDH9,15:36:37,1508.2288,5
PDH9,15:36:37,1508.2392,1
PDH9,15:36:37,1421.2548,1
PDH9,15:36:37,1465.1161,1
PDH9,15:36:37,1479.9486,1
PDH9,15:36:37,1393.9104,2
PDH9,15:36:37,1409.0608,1
PDH9,15:36:37,1526.0280,2
PDH9,15:36:44,1479.2142,1
PDH9,15:57:56,1377.6995,1
PDH9,15:58:39,1392.2016,4
PDH9,16:00:55,1377.6995,1
PDH9,16:00:55,1479.2142,1
PDH9,16:01:02,1392.2016,3
PDH9,16:01:04,1508.4992,1
PDH9,16:01:04,1480.1934,1
PDH9,16:14:08,1390.9536,3
PDH9,16:14:08,1419.9416,1
PDH9,16:15:15,1448.8000,1
PDH9,16:15:15,1521.3765,3
PDH9,16:19:50,1417.6680,1
PDH9,16:19:59,1403.2020,2
PDH9,16:20:02,1403.1050,1
PDH9,16:21:19,1489.8950,1
PDH9,16:22:55,1518.3000,1
PDH9,16:23:05,1473.9102,1
PDH9,16:24:33,1430.6193,1
PDH9,16:25:44,1488.3603,1
PDH9,16:30:11,1518.9930,1
PDH9,16:36:48,1417.0800,2
PDH9,16:36:48,1373.1680,2
PDH9,16:36:48,1517.2500,1
PDH9,16:36:48,1458.9551,4
PDH9,16:37:55,1401.1844,1
PDH9,16:37:55,1473.0126,2
PDH9,16:40:41,1429.6788,2
PDH9,16:40:41,1400.6800,8
PDH9,16:40:41,1472.8800,1
PDH9,16:40:43,1514.1105,1
PDH9,16:40:43,1485.2600,1
PDH9,16:40:43,1513.6275,1
PDH9,16:42:47,1413.7774,1
PDH9,16:42:47,1428.2037,2
PDH9,16:44:44,1412.6798,1
PDH9,16:44:44,1470.3402,1
PDH9,16:45:58,1516.1895,1
PDH9,16:51:16,1399.7100,1
PDH9,16:53:07,1500.7096,2
PDH9,16:53:07,1385.2800,1
PDH9,16:57:00,1385.2992,1
PDH9,16:57:00,1370.8500,1
PDH9,16:58:34,1455.9251,3
PDH9,16:58:34,1427.0949,6
PDH9,16:58:53,1499.1704,1
PDH9,17:02:36,1501.6456,1
PDH9,17:15:26,1470.3810,1
PDH9,17:17:31,1428.3621,1
PDH9,17:25:30,1475.9400,2
PDH9,17:30:00,1462.6113,7
PDH9,17:30:00,1434.0051,2
PDH9,17:30:00,1491.9550,1
PDH9,17:31:45,1422.7444,2
PDH9,17:31:57,1451.7800,1
PDH9,17:34:46,1393.7856,1
PDH9,17:35:34,1493.5000,1
PDH9,17:40:20,1437.8661,1
PDH9,17:43:35,1407.5185,1
PDH9,17:49:37,1437.3216,1
PDH9,18:17:12,1407.2663,3
PDH9,18:17:23,1407.7125,1
PDH9,18:17:23,1509.6952,2
PDH9,18:17:23,1480.8768,1
PDH9,18:17:26,1478.6226,2
PDH9,18:24:43,1377.2150,1
PDH9,18:29:09,1477.9902,1
PDH9,18:34:57,1509.2376,1
PDH9,18:34:57,1509.3000,1
PDH9,18:34:57,1452.7800,2
PDH9,18:34:57,1467.5300,1
PDH9,18:44:53,1508.0000,3
PDH9,19:20:27,1401.6597,1
PDH9,19:20:28,1429.6590,1
PDH9,19:20:45,1433.4210,1
PDH9,19:21:23,1428.5700,1
PDH9,20:08:38,1435.5000,1
PDH9,20:13:38,1508.0000,1
PDH9,20:17:10,1406.5000,1
PDH9,20:20:50,1435.5000,1
PDH9,20:20:54,1522.5000,1
PDH9,20:20:58,1375.6000,1
PDH9,20:30:10,1520.6100,1
PDH9,20:36:07,1520.4000,1
PDH9,20:36:40,1447.0000,1
PDH9,20:37:11,1504.8800,4
PDH9,20:43:45,1432.5300,1
PDH9,20:57:05,1418.0502,2
PDH9,20:57:05,1432.5201,3
PDH9,20:57:49,1375.6285,1
PDH9,20:57:49,1390.1088,1
PDH9,21:05:50,1465.4999,1
PDH9,21:28:22,1508.0000,1
PDH9,21:28:40,1508.0000,1
PDH9,21:41:46,1376.5975,1
PDH9,21:42:14,1506.0448,4
PDH9,21:42:24,1520.5260,1
PDH9,21:52:07,1465.4999,1
PDH9,21:59:28,1463.4900,1
PDH9,22:01:31,1465.5100,1
PDH9,22:03:43,1379.3905,1
PDH9,22:06:53,1409.4100,2
PDH9,22:10:19,1467.5300,1
PDH9,22:22:07,1411.2530,1
PDH9,22:23:02,1469.4490,1
PDH9,22:23:51,1483.8960,1
PDH9,22:25:13,1381.9650,1
PDH9,22:25:47,1527.3300,1
PDH9,22:29:43,1483.5900,1
PDH9,22:42:08,1497.6200,1
PDH9,22:57:13,1381.3000,1
PDH9,23:19:15,1527.7500,1
PDH9,23:27:41,1469.0955,1
PDH9,23:27:41,1454.5500,2
PDH9,23:30:06,1378.4595,1
PDH9,23:30:06,1508.5096,1
PDH9,23:30:06,1450.4000,1
PDH9,23:30:06,1493.8605,1
PDH9,23:30:07,1435.8267,2
PDH9,23:31:46,1407.5573,1
PDH9,23:31:46,1465.6009,1
PDH9,23:31:46,1436.5791,2
PDH9,23:38:31,1411.1560,1
PDH9,23:45:59,1513.1480,3
PDH9,10:00:03,1445.3505,2
PDH9,10:00:03,1415.1815,2
PDH9,10:00:04,1458.0000,1
PDH9,10:00:04,1385.0525,2
PDH9,10:00:19,1459.9600,1
PDH9,10:00:19,1416.2000,1
PDH9,10:00:31,1416.6850,1
PDH9,10:00:31,1402.1280,1
PDH9,10:00:31,1448.4789,2
PDH9,10:00:31,1493.7492,2
PDH9,10:00:31,1420.5650,2
PDH9,10:00:31,1392.3770,2
PDH9,10:00:32,1494.9732,4
PDH9,10:02:15,1476.1150,2
PDH9,10:03:25,1417.6550,1
PDH9,10:04:11,1461.5000,1
PDH9,10:04:15,1403.1360,1
PDH9,10:04:19,1490.2200,1
PDH9,10:04:22,1431.7800,1
PDH9,10:04:26,1474.6202,1
PDH9,10:04:31,1503.8206,1
PDH9,10:06:26,1503.9545,1
PDH9,10:06:54,1389.8405,2
PDH9,10:07:30,1433.7302,1
PDH9,10:07:45,1433.7302,4
PDH9,10:08:18,1404.4704,1
PDH9,10:08:18,1404.4704,1
PDH9,10:08:18,1536.1395,1
PDH9,10:08:18,1389.7075,1
PDH9,10:11:11,1387.4750,1
PDH9,10:13:01,1475.1050,1
PDH9,10:13:01,1387.4750,1
PDH9,10:13:01,1445.6079,1
PDH9,10:13:01,1532.4855,27
PDH9,10:18:30,1474.7010,1
PDH9,10:21:02,1460.3900,1
PDH9,10:21:02,1401.9840,1
PDH9,10:21:02,1445.8950,1
PDH9,10:21:02,1460.5000,1
PDH9,10:21:02,1387.9405,1
PDH9,10:21:02,1447.1523,2
PDH9,10:21:02,1404.0000,1
PDH9,10:21:02,1404.1920,1
PDH9,10:21:02,1492.0560,1
PDH9,10:21:09,1458.2200,1
PDH9,10:25:42,1415.0457,1
PDH9,10:27:04,1430.7020,3
PDH9,10:27:37,1474.3980,1
PDH9,10:30:14,1458.8000,3
PDH9,10:33:31,1444.9050,1
PDH9,10:33:31,1459.5000,2
PDH9,10:33:52,1400.8320,1
PDH9,10:38:13,1386.2400,1
PDH9,10:38:17,1430.0160,1
PDH9,10:38:27,1532.1600,1
PDH9,10:38:32,1459.2000,1
PDH9,10:38:36,1473.7920,1
PDH9,10:43:58,1460.4000,1
PDH9,10:44:21,1533.4200,1
PDH9,10:44:21,1518.9200,1
PDH9,10:49:57,1431.7800,1
PDH9,10:51:53,1519.4400,2
PDH9,10:53:33,1475.1050,1
PDH9,10:55:20,1519.9600,1
PDH9,10:59:34,1417.4028,1
PDH9,11:08:22,1433.1618,1
PDH9,11:11:58,1492.2498,1
PDH9,11:11:58,1536.1500,1
PDH9,11:11:58,1448.3700,1
PDH9,11:16:15,1507.9200,6
PDH9,11:16:18,1507.9200,2
PDH9,11:18:39,1537.8720,2
PDH9,11:18:39,1465.2000,1
PDH9,11:18:39,1539.1425,2
PDH9,11:22:28,1423.6593,2
PDH9,11:22:28,1526.3976,1
PDH9,11:22:28,1511.7310,1
PDH9,11:22:28,1526.6056,1
PDH9,11:22:32,1469.0000,7
PDH9,11:23:02,1454.3100,1
PDH9,11:26:08,1393.6025,3
PDH9,11:26:08,1393.5930,38
PDH9,11:29:22,1481.6700,1
PDH9,11:31:37,1512.0400,5
PDH9,11:33:11,1408.3200,1
PDH9,11:36:35,1466.6000,1
PDH9,11:36:35,1452.2310,1
PDH9,11:36:56,1452.3300,1
PDH9,11:39:05,1509.9800,1
PDH9,11:39:41,1509.5165,1
PDH9,11:39:56,1494.8610,3
PDH9,11:40:06,1481.5690,1
PDH9,11:40:55,1392.2725,15
PDH9,11:41:58,1524.0680,1
PDH9,11:41:58,1494.7080,2
PDH9,11:41:58,1436.0430,1
PDH9,11:42:52,1434.7200,5
PDH9,11:43:14,1419.2070,1
PDH9,11:43:56,1463.0100,3
PDH9,11:43:56,1506.8900,2
PDH9,11:44:04,1448.3700,1
PDH9,11:45:34,1463.0000,1
PDH9,11:50:41,1389.8500,1
PDH9,11:59:47,1479.0137,1
PDH9,12:16:06,1507.7861,1
PDH9,12:16:06,1537.0635,1
PDH9,12:21:09,1436.0724,1
PDH9,12:35:23,1496.2788,3
PDH9,12:35:23,1422.9415,1
PDH9,12:35:23,1467.0900,1
PDH9,12:35:23,1540.4445,1
PDH9,12:36:03,1450.0134,2
PDH9,12:36:07,1464.6600,2
PDH9,12:43:07,1523.6936,10
PDH9,12:59:55,1408.7424,1
PDH9,13:20:32,1540.3395,1
PDH9,13:20:32,1496.3400,1
PDH9,13:20:32,1408.7040,1
PDH9,13:44:57,1482.0740,1
PDH9,13:44:57,1408.7520,1
PDH9,13:44:57,1394.3435,1
PDH9,13:45:07,1423.7078,1
PDH9,13:49:17,1525.5864,1
PDH9,13:49:55,1496.2482,3
PDH9,13:50:21,1408.2336,1
PDH9,13:50:37,1452.2409,1
PDH9,13:59:55,1510.7628,4
PDH9,14:12:11,1497.2784,1
PDH9,14:12:11,1497.3600,1
PDH9,14:12:38,1527.0320,1
PDH9,14:18:45,1468.5000,3
PDH9,14:20:19,1439.2574,1
PDH9,14:21:21,1498.3494,1
PDH9,14:21:21,1527.7600,2
PDH9,14:21:21,1424.9300,1
PDH9,14:21:21,1424.9300,1
PDH9,14:21:21,1410.2400,1
PDH9,14:24:46,1395.8065,1
PDH9,14:26:59,1455.2901,3
PDH9,14:26:59,1411.2000,1
PDH9,14:27:26,1499.4000,1
PDH9,14:27:26,1514.1000,1
PDH9,14:27:29,1440.9234,1
PDH9,14:27:29,1441.9426,1
PDH9,14:27:29,1530.9840,1
PDH9,14:27:30,1425.9000,1
PDH9,14:27:55,1458.2700,3
PDH9,14:27:55,1415.0208,1
PDH9,14:35:57,1398.3810,1
PDH9,14:35:57,1424.9397,1
PDH9,14:35:57,1395.5500,1
PDH9,14:35:57,1525.5760,19
PDH9,14:38:18,1486.6089,2
PDH9,14:38:18,1457.1711,1
PDH9,14:38:18,1427.7333,1
PDH9,14:38:18,1530.7656,1
PDH9,14:38:39,1471.8900,3
PDH9,14:41:46,1515.5317,1
PDH9,14:46:28,1497.7986,1
PDH9,14:51:57,1456.4682,1
PDH9,14:52:14,1485.8918,1
PDH9,14:52:16,1544.7390,1
PDH9,14:52:18,1530.0480,1
PDH9,14:52:18,1500.6240,1
PDH9,14:52:18,1544.7390,1
PDH9,14:55:25,1486.7301,1
PDH9,14:56:04,1398.5900,1
PDH9,14:58:03,1501.4400,1
PDH9,15:02:23,1516.1600,3
PDH9,15:03:07,1413.1104,1
PDH9,15:03:35,1530.6720,1
PDH9,15:05:50,1410.2496,1
PDH9,15:05:50,1469.0100,1
PDH9,15:05:50,1511.8649,2
PDH9,15:05:50,1393.3270,5
PDH9,15:12:10,1540.3500,1
PDH9,15:16:10,1455.7950,1
PDH9,15:16:20,1424.6099,1
PDH9,15:19:36,1544.0565,1
PDH9,15:22:16,1454.5278,1
PDH9,15:26:56,1440.6000,4
PDH9,15:27:20,1543.5000,3
PDH9,15:29:57,1543.5210,3
PDH9,15:29:57,1543.5105,1
PDH9,15:29:57,1543.5000,1
PDH9,15:32:23,1428.3250,1
PDH9,15:43:00,1457.2701,1
PDH9,15:43:29,1471.9900,1
PDH9,15:46:10,1425.9000,1
PDH9,15:46:26,1544.0250,1
PDH9,15:53:45,1455.3099,1
PDH9,15:58:30,1500.2160,1
PDH9,15:58:57,1514.1103,2
PDH9,16:01:31,1544.4450,1
PDH9,16:02:22,1530.0896,1
PDH9,16:02:37,1499.4000,1
PDH9,16:04:41,1543.5000,3
PDH9,16:05:57,1456.5870,1
PDH9,16:05:57,1471.5400,1
PDH9,16:06:59,1530.4120,1
PDH9,16:07:01,1545.1275,1
PDH9,16:07:15,1500.8280,1
PDH9,16:07:15,1397.9915,1
PDH9,16:07:15,1412.7168,1
PDH9,16:07:31,1398.0295,1
PDH9,16:07:52,1517.7771,2
PDH9,16:12:36,1547.4690,1
PDH9,16:12:36,1547.4795,1
PDH9,16:12:36,1503.2658,1
PDH9,16:12:36,1429.5860,2
PDH9,16:12:48,1518.1685,1
PDH9,16:12:48,1415.0112,2
PDH9,16:12:48,1459.2600,1
PDH9,16:12:48,1430.0031,1
PDH9,16:14:34,1473.7400,5
PDH9,16:20:31,1426.4820,1
PDH9,16:20:31,1441.1782,1
PDH9,16:20:31,1544.0250,1
PDH9,16:25:19,1470.5100,3
PDH9,16:30:04,1412.1600,2
PDH9,16:30:04,1441.5800,1
PDH9,16:30:32,1500.4200,1
PDH9,16:30:32,1544.5500,1
PDH9,16:30:32,1441.5800,18
PDH9,16:30:32,1455.8148,1
PDH9,16:30:53,1425.9873,6
PDH9,16:30:53,1499.4102,3
PDH9,16:30:53,1396.5000,1
PDH9,16:30:53,1499.4000,2
PDH9,16:30:56,1543.5000,84
PDH9,16:32:47,1440.1100,1
PDH9,16:33:18,1468.7600,10
PDH9,16:34:18,1542.1980,10
PDH9,16:36:06,1514.0588,3
PDH9,16:36:06,1484.7000,2
PDH9,16:36:41,1455.3000,3
PDH9,16:36:42,1440.6000,5
PDH9,16:38:16,1424.6972,2
PDH9,16:38:16,1424.6972,2
PDH9,16:38:16,1410.0096,16
PDH9,16:38:55,1468.0600,3
PDH9,16:38:55,1526.7720,1
PDH9,16:38:55,1394.6000,1
PDH9,16:39:04,1495.3302,3
PDH9,16:39:04,1422.0200,1
PDH9,16:39:05,1435.7882,3
PDH9,16:39:05,1391.7500,1
PDH9,16:39:05,1450.3500,1
PDH9,16:39:05,1493.0352,2
PDH9,16:39:05,1418.1400,3
PDH9,16:39:06,1477.6300,1
PDH9,16:39:23,1480.1146,3
PDH9,16:40:20,1509.4238,20
PDH9,16:42:38,1407.8688,1
PDH9,16:44:40,1451.8746,1
PDH9,16:55:08,1422.4662,1
PDH9,16:55:19,1437.4248,1
PDH9,16:55:19,1393.6310,3
PDH9,16:55:26,1437.6404,2
PDH9,16:55:45,1511.6589,9
PDH9,16:59:11,1482.3770,5
PDH9,17:23:15,1438.6890,1
PDH9,17:23:15,1468.0600,4
