SECID,TRADETIME,PRICE,QUANTITY
RNH9,19:05:00,43286.2500,5
RNH9,19:05:00,41217.0000,1
RNH9,19:05:00,42865.6800,1
RNH9,19:05:00,42865.6800,2
RNH9,19:05:00,42453.5100,1
RNH9,19:05:00,41629.1700,1
RNH9,19:05:01,41212.0000,1
RNH9,19:05:01,42859.4400,2
RNH9,19:05:01,41211.0000,1
RNH9,19:05:02,40386.7800,1
RNH9,19:05:02,39974.6700,2
RNH9,19:05:02,39150.4500,1
RNH9,19:05:03,39149.5000,3
RNH9,19:05:03,39150.4500,3
RNH9,19:05:03,42859.4400,1
RNH9,19:05:03,42035.2200,1
RNH9,19:05:03,41211.0000,1
RNH9,19:05:03,42031.1400,1
RNH9,19:05:04,39558.7200,3
RNH9,19:05:04,43267.3500,3
RNH9,19:05:04,42855.2800,6
RNH9,19:05:04,40382.8600,1
RNH9,19:05:04,41623.1100,3
RNH9,19:05:04,42437.0300,7
RNH9,19:05:04,39552.0000,2
RNH9,19:05:04,42844.8800,2
RNH9,19:05:04,40782.0600,1
RNH9,19:05:04,40369.1400,3
RNH9,19:05:04,39957.2100,3
RNH9,19:05:05,41191.0000,5
RNH9,19:05:05,41190.0000,2
RNH9,19:05:05,40364.2400,1
RNH9,19:05:06,42825.1200,1
RNH9,19:05:06,39119.1000,2
RNH9,19:05:06,39942.6600,1
RNH9,19:05:06,39942.6600,3
RNH9,19:05:06,42001.5600,3
RNH9,19:05:06,40766.2200,3
RNH9,19:05:06,42413.3400,3
RNH9,19:05:06,42001.5600,1
RNH9,19:05:07,40766.2200,1
RNH9,19:05:12,39530.8800,1
RNH9,19:05:14,39530.8800,2
RNH9,19:05:23,42415.4000,3
RNH9,19:05:23,43239.0000,1
RNH9,19:05:23,42827.2000,1
RNH9,19:05:23,41591.8000,2
RNH9,19:05:37,39162.8000,3
RNH9,19:05:41,41637.2500,1
RNH9,19:05:45,40812.7500,1
RNH9,19:05:46,42461.7500,1
RNH9,19:05:46,42904.1600,1
RNH9,19:05:57,40053.2400,1
RNH9,19:05:57,40466.1600,7
RNH9,19:05:57,43356.6000,5
RNH9,19:05:59,42483.3800,2
RNH9,19:06:00,40405.4000,1
RNH9,19:06:01,42469.9900,1
RNH9,19:06:01,42882.3200,1
RNH9,19:06:06,40820.6700,2
RNH9,19:06:11,42048.4800,3
RNH9,19:06:11,43275.7500,1
RNH9,19:06:11,41215.0000,2
RNH9,19:06:11,39566.4000,1
RNH9,19:06:12,41215.0000,3
RNH9,19:06:12,42863.6000,1
RNH9,19:06:12,39154.2500,3
RNH9,19:06:12,42451.4500,1
RNH9,19:06:28,42867.7600,1
RNH9,19:06:28,39158.0500,3
RNH9,19:06:28,42866.7200,1
RNH9,19:06:37,42844.8800,1
RNH9,19:06:39,41197.0000,1
RNH9,19:06:42,42020.9400,2
RNH9,19:06:47,39549.1200,2
RNH9,19:06:52,42851.1200,1
RNH9,19:06:52,42027.0600,1
RNH9,19:06:53,43263.1500,1
RNH9,19:06:53,43263.1500,1
RNH9,19:06:53,41203.0000,1
RNH9,19:06:53,42027.0600,1
RNH9,19:06:53,42027.0600,1
RNH9,19:06:53,42851.1200,1
RNH9,19:07:01,43273.6500,1
RNH9,19:07:01,41213.0000,1
RNH9,19:07:32,42043.3800,1
RNH9,19:07:32,39982.4300,2
RNH9,19:07:34,39158.0500,1
RNH9,19:07:40,42456.6000,1
RNH9,19:07:43,39159.0000,3
RNH9,19:07:43,42043.3800,12
RNH9,19:07:43,41627.1500,1
RNH9,19:07:43,42036.2400,2
RNH9,19:07:51,39533.7600,1
RNH9,19:08:03,42013.8000,1
RNH9,19:08:04,42425.7000,1
RNH9,19:08:04,42004.6200,1
RNH9,19:08:04,43239.0000,1
RNH9,19:08:06,39111.5000,1
RNH9,19:08:08,40341.7000,4
RNH9,19:08:08,41165.0000,1
RNH9,19:08:11,40753.3500,1
RNH9,19:08:15,39513.6000,1
RNH9,19:08:17,41156.0000,1
RNH9,19:08:24,39099.1500,1
RNH9,19:08:30,43222.2000,11
RNH9,19:08:31,41987.2800,1
RNH9,19:08:32,39099.1500,1
RNH9,19:08:35,39105.8000,3
RNH9,19:08:55,42877.1200,3
RNH9,19:08:55,41640.2800,3
RNH9,19:08:55,40815.7200,7
RNH9,19:09:14,39937.8100,1
RNH9,19:09:22,42392.7400,1
RNH9,19:09:23,41981.1600,2
RNH9,19:09:24,42391.7100,1
RNH9,19:09:40,40333.8600,1
RNH9,19:09:41,39916.4700,1
RNH9,19:10:03,41560.4900,2
RNH9,19:10:25,42373.1700,6
RNH9,19:10:35,39499.2000,3
RNH9,19:10:42,42370.0800,2
RNH9,19:10:49,42366.9900,3
RNH9,19:10:49,39899.0100,1
RNH9,19:10:49,42775.2000,1
RNH9,19:10:51,40297.6000,4
RNH9,19:10:51,39064.0000,1
RNH9,19:10:54,39068.7500,1
RNH9,19:10:55,41125.0000,1
RNH9,19:10:56,43174.9500,3
RNH9,19:10:56,39885.4300,5
RNH9,19:11:05,40302.5000,1
RNH9,19:11:19,43174.9500,2
RNH9,19:11:20,40290.7400,5
RNH9,19:11:21,42751.2800,1
RNH9,19:11:26,42753.3600,1
RNH9,19:11:36,43156.0500,1
RNH9,19:11:36,39452.1600,1
RNH9,19:11:36,41506.9600,1
RNH9,19:11:48,41904.6600,3
RNH9,19:11:48,39439.6800,3
RNH9,19:11:50,42319.6100,1
RNH9,19:12:01,40684.0500,1
RNH9,19:12:02,42751.2800,1
RNH9,19:12:05,41916.9000,1
RNH9,19:12:05,39451.2000,1
RNH9,19:12:09,43146.6000,1
RNH9,19:12:10,42735.6800,1
RNH9,19:12:10,40270.1600,1
RNH9,19:12:54,39042.1500,1
RNH9,19:13:05,41518.0700,1
RNH9,19:13:20,39460.8000,1
RNH9,19:13:21,39461.7600,3
RNH9,19:13:50,39050.7000,1
RNH9,19:13:54,42751.2800,1
RNH9,19:13:57,41518.0700,1
RNH9,19:14:14,41526.1500,1
RNH9,19:14:19,42768.9600,1
RNH9,19:14:21,41969.9400,1
RNH9,19:14:37,41566.5500,2
RNH9,19:14:53,40324.0600,1
RNH9,19:14:55,41969.9400,1
RNH9,19:14:58,42390.6800,1
RNH9,19:14:59,42390.6800,1
RNH9,19:15:02,41157.0000,1
RNH9,19:15:03,43215.9000,1
RNH9,19:15:04,41570.5900,2
RNH9,19:17:54,39915.5000,1
RNH9,19:17:54,43207.5000,1
RNH9,19:19:28,41140.0000,5
RNH9,19:20:33,41547.3600,1
RNH9,19:20:33,42744.0000,1
RNH9,19:20:33,41067.0000,2
RNH9,19:20:33,43117.2000,2
RNH9,19:20:33,41060.0000,7
RNH9,19:20:33,41470.6000,2
RNH9,19:20:33,39828.2000,3
RNH9,19:20:33,39825.2900,2
RNH9,19:20:33,40639.5000,1
RNH9,19:20:33,40639.5000,1
RNH9,19:20:34,43097.2500,7
RNH9,19:20:34,42276.3500,1
RNH9,19:20:34,41455.4500,2
RNH9,19:21:02,41052.0000,3
RNH9,19:21:39,41474.6400,2
RNH9,19:21:41,42289.7400,3
RNH9,19:21:41,41879.1600,1
RNH9,19:21:52,41882.2200,1
RNH9,19:22:38,39839.8400,5
RNH9,19:23:01,39839.8400,1
RNH9,19:23:01,40250.5600,1
RNH9,19:25:11,42345.3600,1
RNH9,19:25:16,42756.4800,1
RNH9,19:25:35,41104.0000,2
RNH9,19:25:36,41515.0400,1
RNH9,19:26:17,42328.8800,1
RNH9,19:26:22,41506.9600,1
RNH9,19:27:12,39452.1600,1
RNH9,19:27:27,39041.2000,1
RNH9,19:27:33,40685.0400,1
RNH9,19:28:53,41100.0000,1
RNH9,19:28:55,39456.0000,1
RNH9,19:28:59,40690.9800,1
RNH9,19:28:59,42746.0800,2
RNH9,19:35:00,39049.7500,1
RNH9,19:35:00,42748.1600,1
RNH9,19:35:00,41103.0000,2
RNH9,19:35:00,41922.0000,1
RNH9,19:35:00,41908.7400,2
RNH9,19:35:10,41488.7800,2
RNH9,19:35:10,40254.4800,2
RNH9,19:35:10,39834.0200,2
RNH9,19:35:10,43108.8000,4
RNH9,19:35:10,40645.4400,1
RNH9,19:35:10,42697.2000,1
RNH9,19:35:10,39409.9200,6
RNH9,19:35:10,41873.0400,2
RNH9,19:35:10,40636.5300,1
RNH9,19:35:10,41863.8600,2
RNH9,19:35:10,42684.7200,1
RNH9,19:35:10,41043.0000,2
RNH9,19:35:15,41043.0000,12
RNH9,19:40:37,39476.1600,1
RNH9,19:42:44,41126.0000,1
RNH9,19:42:44,42774.1600,2
RNH9,19:42:46,40312.3000,1
RNH9,19:42:46,40723.6500,1
RNH9,19:42:46,40313.2800,1
RNH9,19:42:49,42370.0800,1
RNH9,19:42:51,39494.4000,1
RNH9,19:42:51,40738.5000,1
RNH9,19:42:51,40327.0000,3
RNH9,19:49:45,42786.6400,1
RNH9,19:49:45,42787.6800,1
RNH9,19:49:45,39096.3000,2
RNH9,19:50:13,39499.2000,1
RNH9,19:52:16,41565.5400,2
RNH9,19:52:16,41566.5500,3
RNH9,19:54:43,39916.4700,1
RNH9,19:55:50,43204.3500,1
RNH9,19:55:50,39506.8800,2
RNH9,19:55:50,39920.3500,2
RNH9,19:55:51,39508.8000,2
RNH9,19:57:15,40708.8000,1
RNH9,19:57:15,40700.8800,2
RNH9,19:57:15,39466.5600,2
RNH9,20:01:01,42375.2300,1
RNH9,20:01:15,39493.4400,1
RNH9,20:04:28,40722.6600,1
RNH9,20:04:33,40722.6600,1
RNH9,20:05:07,43183.3500,1
RNH9,20:05:14,40309.3600,1
RNH9,20:06:17,42339.1800,1
RNH9,20:09:58,41511.0000,1
RNH9,20:09:58,43155.0000,2
RNH9,20:10:59,39874.7600,3
RNH9,20:16:03,41096.0000,2
RNH9,20:30:26,39865.0600,1
RNH9,20:33:17,39514.5600,1
RNH9,20:33:17,39517.4400,1
RNH9,20:33:19,39456.0000,1
RNH9,20:34:52,43119.3000,2
RNH9,20:38:58,41090.0000,2
RNH9,20:40:44,42307.2500,1
RNH9,20:51:42,40666.2300,1
RNH9,20:51:42,41897.5200,1
RNH9,20:51:42,42716.9600,2
RNH9,20:52:25,41484.7400,1
RNH9,20:52:25,41484.7400,2
RNH9,20:55:22,39417.6000,1
RNH9,20:56:31,42291.8000,1
RNH9,20:56:31,39006.0500,1
RNH9,20:59:41,39417.6000,3
RNH9,21:05:09,42303.1300,1
RNH9,21:05:11,41904.6600,2
RNH9,21:05:13,42321.6700,1
RNH9,21:05:13,42322.7000,1
RNH9,21:07:01,40687.0200,1
RNH9,21:09:34,41096.0000,1
RNH9,21:12:07,40256.4400,1
RNH9,21:12:07,42724.2400,1
RNH9,21:12:07,40670.1900,1
RNH9,21:12:56,39026.0000,1
RNH9,21:14:20,41906.7000,1
RNH9,21:14:20,39441.6000,1
RNH9,21:18:57,40274.0800,1
RNH9,21:19:11,41096.0000,1
RNH9,21:20:55,41506.9600,1
RNH9,21:21:15,39052.6000,1
RNH9,21:21:15,41109.0000,4
RNH9,21:22:40,39875.7300,1
RNH9,21:22:50,39052.6000,1
RNH9,21:22:50,39053.5500,2
RNH9,21:30:44,39437.7600,1
RNH9,21:30:45,39052.6000,1
RNH9,21:33:49,43163.4000,1
RNH9,21:33:49,43164.4500,3
RNH9,21:37:11,43218.0000,1
RNH9,21:37:11,41984.2200,1
RNH9,21:37:11,40341.7000,2
RNH9,21:37:11,42400.9800,1
RNH9,21:41:09,41151.0000,1
RNH9,21:43:13,41952.6000,1
RNH9,21:44:20,43198.0500,1
RNH9,21:48:18,43198.0500,1
RNH9,21:54:28,39477.1200,1
RNH9,21:54:28,39064.9500,2
RNH9,21:54:28,39064.0000,2
RNH9,21:55:16,39911.6200,1
RNH9,21:59:48,39885.4300,1
RNH9,22:03:04,40693.9500,8
RNH9,22:04:01,40282.9000,2
RNH9,22:12:15,39873.7900,1
RNH9,22:18:21,41129.0000,1
RNH9,22:18:21,41540.2900,4
RNH9,22:20:05,43164.4500,1
RNH9,22:21:56,43182.3000,1
RNH9,22:33:58,39054.5000,1
RNH9,22:35:56,39873.7900,3
RNH9,22:35:56,42750.2400,1
RNH9,22:35:56,40282.9000,11
RNH9,22:37:06,40317.2000,1
RNH9,22:37:06,42374.2000,1
RNH9,22:37:06,43202.2500,2
RNH9,22:38:11,41973.0000,1
RNH9,22:42:17,40334.8400,2
RNH9,22:42:17,41159.0000,1
RNH9,22:42:17,39513.6000,2
RNH9,22:44:02,41983.2000,1
RNH9,23:02:22,43214.8500,1
RNH9,23:07:06,41983.2000,1
RNH9,23:07:06,39117.2000,2
RNH9,23:11:15,39889.3100,2
RNH9,23:25:02,40354.4400,1
RNH9,23:26:00,39917.4400,1
RNH9,23:26:00,43203.3000,1
RNH9,23:28:47,39486.7200,1
RNH9,23:37:01,41144.0000,1
RNH9,23:37:01,42790.8000,1
RNH9,23:38:39,41955.6600,1
RNH9,23:42:22,40711.7700,2
RNH9,23:42:23,41123.0000,3
RNH9,23:42:30,40713.7500,1
RNH9,23:42:35,40301.5200,2
RNH9,23:42:42,40712.7600,1
RNH9,23:43:13,41123.0000,3
RNH9,23:43:13,40282.9000,3
RNH9,23:44:12,41118.0000,1
RNH9,23:44:13,41928.1200,1
RNH9,23:44:33,42770.0000,1
RNH9,23:44:53,42773.1200,1
RNH9,23:45:03,43165.5000,1
RNH9,23:45:41,41540.2900,2
RNH9,23:46:13,39888.3400,1
RNH9,23:46:14,39477.1200,2
RNH9,23:46:15,39889.3100,1
RNH9,23:46:33,39064.9500,1
RNH9,23:46:33,39065.9000,1
RNH9,23:46:33,43179.1500,1
RNH9,23:47:35,39480.9600,1
RNH9,23:47:35,39077.3000,1
RNH9,23:47:59,41134.0000,1
RNH9,23:48:01,42340.2100,1
RNH9,23:48:01,42750.2400,1
RNH9,23:48:48,41929.1400,1
RNH9,23:48:48,39461.7600,1
RNH9,23:48:48,39050.7000,2
RNH9,23:49:03,39461.7600,1
RNH9,23:49:30,42749.2000,1
RNH9,23:49:51,42750.2400,2
RNH9,10:00:00,42798.0800,1
RNH9,10:00:01,40810.7700,1
RNH9,10:00:01,42483.3800,1
RNH9,10:00:01,42483.3800,1
RNH9,10:00:01,42483.3800,1
RNH9,10:00:01,39540.4800,1
RNH9,10:00:01,41188.0000,1
RNH9,10:00:01,39540.4800,1
RNH9,10:00:01,39183.7000,2
RNH9,10:00:01,40833.5400,1
RNH9,10:00:05,39110.5500,1
RNH9,10:00:05,40788.0000,1
RNH9,10:00:06,43228.5000,3
RNH9,10:00:07,42035.2200,1
RNH9,10:00:07,39183.7000,1
RNH9,10:00:09,39561.6000,1
RNH9,10:00:10,42054.6000,1
RNH9,10:00:10,42484.4100,1
RNH9,10:00:11,42071.9400,1
RNH9,10:00:11,39195.1000,1
RNH9,10:00:11,41675.6300,1
RNH9,10:00:11,39612.4800,1
RNH9,10:00:11,40026.0800,1
RNH9,10:00:11,39580.8000,1
RNH9,10:00:14,40851.3600,1
RNH9,10:00:15,39614.4000,1
RNH9,10:00:15,39214.1000,1
RNH9,10:00:15,42937.4400,1
RNH9,10:00:15,42938.4800,1
RNH9,10:00:15,39145.7000,1
RNH9,10:00:16,41287.0000,1
RNH9,10:00:16,43365.0000,1
RNH9,10:00:17,43365.0000,1
RNH9,10:00:17,39982.4300,1
RNH9,10:00:17,39570.2400,1
RNH9,10:00:20,41631.1900,1
RNH9,10:00:20,39194.1500,1
RNH9,10:00:20,42082.1400,1
RNH9,10:00:21,39158.0500,2
RNH9,10:00:22,42083.1600,1
RNH9,10:00:22,39646.0800,1
RNH9,10:00:22,42126.0000,1
RNH9,10:00:22,39235.0000,1
RNH9,10:00:25,41298.0000,1
RNH9,10:00:25,43362.9000,1
RNH9,10:00:25,42949.9200,1
RNH9,10:00:27,39227.4000,2
RNH9,10:00:27,41270.0000,2
RNH9,10:00:29,39648.0000,1
RNH9,10:00:33,40466.1600,1
RNH9,10:00:33,41292.0000,2
RNH9,10:00:34,40887.0000,5
RNH9,10:00:35,41292.0000,2
RNH9,10:00:35,41704.9200,2
RNH9,10:00:37,42942.6400,1
RNH9,10:00:37,42950.9600,1
RNH9,10:00:40,39625.9200,1
RNH9,10:00:46,41688.7600,1
RNH9,10:00:46,41688.7600,2
RNH9,10:00:46,39212.2000,1
RNH9,10:00:46,42518.4000,3
RNH9,10:00:49,40059.0600,1
RNH9,10:00:49,42126.0000,2
RNH9,10:00:49,39648.0000,1
RNH9,10:00:54,39221.7000,2
RNH9,10:00:54,42111.7200,3
RNH9,10:00:55,42536.9400,1
RNH9,10:00:56,39233.1000,3
RNH9,10:00:56,40885.0200,3
RNH9,10:00:56,41300.0000,1
RNH9,10:00:56,39647.0400,1
RNH9,10:00:57,41726.1300,2
RNH9,10:00:58,42957.2000,10
RNH9,10:00:58,41304.0000,2
RNH9,10:00:58,40887.0000,1
RNH9,10:01:00,41725.1200,1
RNH9,10:01:00,43366.0500,2
RNH9,10:01:00,40474.0000,3
RNH9,10:01:00,42952.0000,1
RNH9,10:01:00,42535.9100,1
RNH9,10:01:00,42122.9400,1
RNH9,10:01:00,39645.1200,1
RNH9,10:01:00,42102.5400,1
RNH9,10:01:01,41277.0000,1
RNH9,10:01:01,42513.2500,1
RNH9,10:01:02,41277.0000,2
RNH9,10:01:02,42928.0800,2
RNH9,10:01:03,40873.1400,1
RNH9,10:01:03,41297.0000,2
RNH9,10:01:03,40462.2400,5
RNH9,10:01:07,39217.9000,1
RNH9,10:01:07,43346.1000,6
RNH9,10:01:07,40456.3600,1
RNH9,10:01:08,40887.0000,2
RNH9,10:01:08,42952.0000,4
RNH9,10:01:08,42959.2800,2
RNH9,10:01:13,42957.2000,3
RNH9,10:01:13,40478.9000,3
RNH9,10:01:16,43380.7500,1
RNH9,10:01:16,43377.6000,1
RNH9,10:01:16,40485.7600,1
RNH9,10:01:21,41720.0700,1
RNH9,10:01:21,42959.2800,5
RNH9,10:01:21,39663.3600,1
RNH9,10:01:21,41317.0000,1
RNH9,10:01:21,42970.7200,2
RNH9,10:01:22,42147.4200,1
RNH9,10:01:22,43386.0000,1
RNH9,10:01:23,41307.0000,1
RNH9,10:01:23,41720.0700,9
RNH9,10:01:31,40499.4800,1
RNH9,10:01:31,40913.7300,1
RNH9,10:01:31,43396.5000,3
RNH9,10:01:31,42983.2000,1
RNH9,10:01:31,40916.7000,1
RNH9,10:01:35,39259.7000,1
RNH9,10:01:44,40102.7100,1
RNH9,10:01:44,40506.3400,1
RNH9,10:01:44,40093.0100,10
RNH9,10:01:44,40913.7300,2
RNH9,10:01:44,42979.0400,2
RNH9,10:01:44,39257.8000,1
RNH9,10:01:44,41307.0000,2
RNH9,10:01:45,40887.9900,1
RNH9,10:01:45,41300.0000,1
RNH9,10:01:45,42953.0400,1
RNH9,10:01:45,40887.9900,1
RNH9,10:01:45,41715.0200,1
RNH9,10:01:46,40493.6000,10
RNH9,10:01:46,40906.8000,2
RNH9,10:01:53,40080.4000,10
RNH9,10:01:53,42548.2700,2
RNH9,10:02:17,39618.2400,1
RNH9,10:02:17,42919.7600,10
RNH9,10:02:17,41681.6900,1
RNH9,10:02:17,40031.9000,1
RNH9,10:02:22,40040.6300,1
RNH9,10:02:22,42517.3700,3
RNH9,10:02:23,40453.4200,1
RNH9,10:02:29,42929.1200,1
RNH9,10:02:31,40854.3300,2
RNH9,10:02:37,42920.8000,1
RNH9,10:02:42,39205.5500,1
RNH9,10:02:42,40029.9600,1
RNH9,10:02:45,41268.0000,1
RNH9,10:02:57,42086.2200,1
RNH9,10:02:57,42910.4000,2
RNH9,10:02:57,41670.5800,4
RNH9,10:02:57,40028.9900,1
RNH9,10:03:46,40413.2400,1
RNH9,10:03:46,40826.6100,3
RNH9,10:03:49,39591.3600,1
RNH9,10:03:49,40002.8000,1
RNH9,10:03:49,42876.0800,2
RNH9,10:03:49,42052.5600,2
RNH9,10:04:00,43328.2500,1
RNH9,10:04:01,40027.0500,1
RNH9,10:04:02,42908.3200,1
RNH9,10:04:02,39600.9600,1
RNH9,10:04:11,40011.5300,1
RNH9,10:04:11,41660.4800,1
RNH9,10:04:11,42897.9200,7
RNH9,10:04:32,40004.7400,1
RNH9,10:04:33,40003.7700,1
RNH9,10:04:50,40810.7700,1
RNH9,10:04:50,40391.6800,3
RNH9,10:04:50,41216.0000,1
RNH9,10:04:50,42039.3000,2
RNH9,10:04:50,41200.0000,2
RNH9,10:04:50,39552.0000,2
RNH9,10:04:50,43273.6500,1
RNH9,10:04:50,39978.5500,1
RNH9,10:04:50,40366.2000,1
RNH9,10:04:50,40770.1800,1
RNH9,10:04:50,42416.4300,1
RNH9,10:04:50,39120.0500,1
RNH9,10:04:50,40771.1700,1
RNH9,10:04:50,42827.2000,1
RNH9,10:04:50,41591.8000,1
RNH9,10:04:50,39121.0000,1
RNH9,10:04:50,42415.4000,1
RNH9,10:04:50,40356.4000,1
RNH9,10:04:50,42827.2000,1
RNH9,10:04:51,42420.5500,1
RNH9,10:04:51,39949.4500,1
RNH9,10:04:55,42397.8900,1
RNH9,10:04:55,39516.4800,1
RNH9,10:04:55,39927.1400,3
RNH9,10:04:55,41157.0000,1
RNH9,10:04:55,41157.0000,1
RNH9,10:04:56,42803.2800,1
RNH9,10:04:56,40340.7200,1
RNH9,10:04:56,39517.4400,1
RNH9,10:04:56,39516.4800,1
RNH9,10:04:56,40339.7400,1
RNH9,10:04:56,41987.2800,1
RNH9,10:04:56,40339.7400,1
RNH9,10:04:56,43222.2000,1
RNH9,10:04:57,41165.0000,1
RNH9,10:05:00,40361.3000,1
RNH9,10:05:00,39125.7500,1
RNH9,10:05:02,40348.5600,1
RNH9,10:05:04,42405.1000,1
RNH9,10:05:04,41568.5700,1
RNH9,10:05:04,39099.1500,1
RNH9,10:05:04,40333.8600,1
RNH9,10:05:04,42799.1200,2
RNH9,10:05:04,41134.0000,2
RNH9,10:05:04,43185.4500,1
RNH9,10:05:04,43186.5000,3
RNH9,10:05:04,43187.5500,1
RNH9,10:05:04,40311.3200,1
RNH9,10:05:04,41133.0000,1
RNH9,10:05:04,41542.3100,1
RNH9,10:05:05,39058.3000,3
RNH9,10:05:05,41112.0000,2
RNH9,10:05:05,39056.4000,1
RNH9,10:05:05,41112.0000,1
RNH9,10:05:05,40700.8800,2
RNH9,10:05:05,39878.6400,1
RNH9,10:05:05,40709.7900,1
RNH9,10:05:05,41121.0000,1
RNH9,10:05:05,40298.5800,1
RNH9,10:05:05,41532.2100,1
RNH9,10:05:07,39064.9500,2
RNH9,10:05:07,40709.7900,10
RNH9,10:05:08,42780.4000,2
RNH9,10:05:08,42780.4000,1
RNH9,10:05:26,43198.0500,1
RNH9,10:05:26,41551.4000,1
RNH9,10:05:26,39081.1000,5
RNH9,10:05:26,43193.8500,3
RNH9,10:05:26,43193.8500,1
RNH9,10:05:30,42780.4000,2
RNH9,10:05:31,42363.9000,1
RNH9,10:05:31,39895.1300,1
RNH9,10:05:45,41966.8800,1
RNH9,10:05:45,39087.7500,1
RNH9,10:05:45,41147.0000,1
RNH9,10:05:45,39091.5500,1
RNH9,10:05:45,39092.5000,1
RNH9,10:05:53,42358.7500,4
RNH9,10:06:02,41944.4400,2
RNH9,10:06:02,41527.1600,2
RNH9,10:06:02,41128.0000,1
RNH9,10:06:02,39895.1300,1
RNH9,10:06:02,43190.7000,1
RNH9,10:06:02,42779.3600,1
RNH9,10:06:02,41545.3400,1
RNH9,10:06:02,39086.8000,1
RNH9,10:06:02,39086.8000,1
RNH9,10:06:02,42378.3200,1
RNH9,10:06:02,41555.4400,1
RNH9,10:06:03,39909.6800,1
RNH9,10:06:03,40321.1200,1
RNH9,10:06:03,43181.2500,1
RNH9,10:06:03,39909.6800,1
RNH9,10:06:06,41127.0000,2
RNH9,10:06:06,42360.8100,1
RNH9,10:06:06,40303.4800,1
RNH9,10:06:06,41948.5200,16
RNH9,10:06:09,41937.3000,1
RNH9,10:06:09,42347.4200,2
RNH9,10:06:09,42345.3600,1
RNH9,10:06:09,42343.3000,1
RNH9,10:06:09,39465.6000,4
RNH9,10:06:13,39891.2500,1
RNH9,10:06:15,42774.1600,1
RNH9,10:06:15,40718.7000,1
RNH9,10:06:16,40722.6600,1
RNH9,10:06:28,42369.0500,1
RNH9,10:06:28,39077.3000,1
RNH9,10:06:28,41528.1700,2
RNH9,10:06:28,42760.6400,2
RNH9,10:06:28,42757.5200,1
RNH9,10:06:28,41108.0000,1
RNH9,10:06:28,40282.9000,3
RNH9,10:06:35,39899.0100,2
RNH9,10:06:39,41133.0000,3
RNH9,10:06:54,39092.5000,1
RNH9,10:06:54,41561.5000,1
RNH9,10:06:54,42390.6800,1
RNH9,10:07:25,40309.3600,1
RNH9,10:07:25,39899.0100,10
RNH9,10:07:25,40311.3200,2
RNH9,10:07:29,41936.2800,2
RNH9,10:07:29,42757.5200,1
RNH9,10:07:29,40282.9000,22
RNH9,10:07:29,42338.1500,2
RNH9,10:07:48,42758.5600,1
RNH9,10:07:48,41523.1200,2
RNH9,10:07:48,41110.0000,1
RNH9,10:07:48,43162.3500,2
RNH9,10:07:50,39051.6500,2
RNH9,10:07:50,40284.8600,2
RNH9,10:07:50,42746.0800,1
RNH9,10:07:50,39868.9400,1
RNH9,10:07:58,40689.0000,1
RNH9,10:07:58,40278.0000,1
RNH9,10:07:58,41922.0000,1
RNH9,10:08:02,39456.0000,2
RNH9,10:08:02,42746.0800,1
RNH9,10:08:06,40278.0000,1
RNH9,10:08:06,42744.0000,1
RNH9,10:08:09,39033.6000,6
RNH9,10:08:11,41909.7600,3
RNH9,10:08:13,41497.8700,1
RNH9,10:08:13,42725.2800,1
RNH9,10:08:13,41894.4600,1
RNH9,10:08:13,39024.1000,1
RNH9,10:08:13,38998.4500,1
RNH9,10:08:13,41871.0000,1
RNH9,10:08:14,40654.3500,1
RNH9,10:08:14,40655.3400,1
RNH9,10:08:14,39835.9600,1
RNH9,10:08:14,39425.2800,1
RNH9,10:08:14,43120.3500,1
RNH9,10:08:14,41888.3400,1
RNH9,10:08:14,40657.3200,2
RNH9,10:08:14,42710.7200,5
RNH9,10:08:17,42297.9800,1
RNH9,10:08:19,39022.2000,2
RNH9,10:08:26,39415.6800,1
RNH9,10:08:26,41058.0000,1
RNH9,10:08:28,42699.2800,1
RNH9,10:08:32,41873.0400,1
RNH9,10:08:32,41461.5100,2
RNH9,10:08:32,41461.5100,3
RNH9,10:08:32,40229.9800,1
RNH9,10:08:32,43102.5000,9
RNH9,10:08:32,39818.5000,2
RNH9,10:08:32,43102.5000,2
RNH9,10:08:32,38997.5000,1
RNH9,10:08:32,39818.5000,10
RNH9,10:08:33,39408.0000,25
RNH9,10:08:36,39830.1400,2
RNH9,10:08:36,43115.1000,4
RNH9,10:08:40,42719.0400,4
RNH9,10:08:40,41496.8600,2
RNH9,10:08:40,42730.4800,1
RNH9,10:08:40,41087.0000,2
RNH9,10:08:40,40676.1300,2
RNH9,10:08:42,40655.3400,1
RNH9,10:08:42,42708.6400,1
RNH9,10:08:50,40250.5600,1
RNH9,10:08:50,39019.3500,1
RNH9,10:08:50,39430.0800,1
RNH9,10:08:50,39840.8100,1
RNH9,10:08:50,43126.6500,1
RNH9,10:08:50,39430.0800,1
RNH9,10:08:50,42305.1900,1
RNH9,10:08:50,40662.2700,1
RNH9,10:08:50,39430.0800,1
RNH9,10:08:50,39830.1400,2
RNH9,10:08:50,43115.1000,1
RNH9,10:08:51,41472.6200,1
RNH9,10:08:51,41883.2400,1
RNH9,10:08:51,41472.6200,1
RNH9,10:08:51,40240.7600,1
RNH9,10:08:51,40651.3800,1
RNH9,10:08:51,42293.8600,1
RNH9,10:08:51,42704.4800,1
RNH9,10:08:51,41073.0000,1
RNH9,10:08:51,41483.7300,1
RNH9,10:08:51,41483.7300,1
RNH9,10:08:51,40251.5400,1
RNH9,10:08:51,41073.0000,1
RNH9,10:09:02,41893.4400,1
RNH9,10:09:02,41482.7200,1
RNH9,10:09:02,40672.1700,1
RNH9,10:09:03,42286.6500,1
RNH9,10:09:25,41490.8000,1
RNH9,10:09:25,39026.0000,1
RNH9,10:09:27,42692.0000,17
RNH9,10:09:27,42281.5000,5
RNH9,10:09:27,41050.0000,1
RNH9,10:09:27,38997.5000,2
RNH9,10:09:28,39410.8800,1
RNH9,10:09:28,41874.0600,1
RNH9,10:09:28,42284.5900,1
RNH9,10:09:28,42695.1200,1
RNH9,10:09:28,41053.0000,1
RNH9,10:09:28,39821.4100,1
RNH9,10:09:28,40231.9400,1
RNH9,10:09:28,39821.4100,1
RNH9,10:09:29,40231.9400,1
RNH9,10:09:30,40642.4700,1
RNH9,10:09:30,42695.1200,1
RNH9,10:09:31,43109.8500,1
RNH9,10:09:31,41878.1400,1
RNH9,10:09:31,41476.6600,2
RNH9,10:09:31,39012.7000,8
RNH9,10:09:31,41873.0400,1
RNH9,10:09:32,41052.0000,1
RNH9,10:09:32,39408.0000,3
RNH9,10:09:50,40640.4900,1
RNH9,10:09:50,41871.0000,2
RNH9,10:09:59,41461.5100,1
RNH9,10:10:01,42692.0000,2
RNH9,10:10:01,38997.5000,2
RNH9,10:10:01,40639.5000,1
RNH9,10:10:02,40229.0000,1
RNH9,10:10:04,40229.0000,1
RNH9,10:10:05,39818.5000,13
RNH9,10:10:05,40225.0800,3
RNH9,10:10:05,41454.4400,7
RNH9,10:10:05,41864.8800,3
RNH9,10:10:05,40214.3000,1
RNH9,10:10:05,42262.9600,2
RNH9,10:10:05,39802.0100,1
RNH9,10:10:05,42263.9900,1
RNH9,10:10:06,41443.3300,1
RNH9,10:10:06,41443.3300,1
RNH9,10:10:06,41433.2300,3
RNH9,10:10:06,39802.0100,1
RNH9,10:10:07,43084.6500,1
RNH9,10:10:07,41853.6600,1
RNH9,10:10:07,42673.2800,3
RNH9,10:10:10,42252.6600,1
RNH9,10:10:10,42243.3900,1
RNH9,10:10:17,40212.3400,1
RNH9,10:10:19,39372.4800,1
RNH9,10:10:20,43062.6000,1
RNH9,10:10:20,39778.7300,1
RNH9,10:10:20,42238.2400,2
RNH9,10:10:23,43054.2000,1
RNH9,10:10:23,41414.0400,1
RNH9,10:10:23,38953.8000,1
RNH9,10:10:23,40591.9800,1
RNH9,10:10:24,40605.8400,10
RNH9,10:10:24,43069.9500,2
RNH9,10:10:24,41431.2100,2
RNH9,10:10:34,40200.5800,1
RNH9,10:10:42,39361.9200,1
RNH9,10:10:42,42230.0000,15
RNH9,10:10:42,43050.0000,6
RNH9,10:10:42,43046.8500,2
RNH9,10:10:42,39360.9600,1
RNH9,10:10:42,39748.6600,1
RNH9,10:10:42,39745.7500,1
RNH9,10:10:42,38919.6000,2
RNH9,10:10:42,40144.7200,7
RNH9,10:10:42,41787.3600,2
RNH9,10:10:43,42615.0400,1
RNH9,10:10:43,41783.2800,1
RNH9,10:10:43,38927.2000,1
RNH9,10:10:43,41795.5200,1
RNH9,10:10:43,43025.8500,1
RNH9,10:10:43,41798.5800,1
RNH9,10:10:43,40984.0000,1
RNH9,10:10:43,41393.8400,1
RNH9,10:10:43,39344.6400,1
RNH9,10:10:43,42213.5200,1
RNH9,10:10:43,42213.5200,1
RNH9,10:10:43,38935.7500,1
RNH9,10:10:43,43034.2500,1
RNH9,10:10:43,40574.1600,1
RNH9,10:10:43,39344.6400,1
RNH9,10:10:43,41804.7000,1
RNH9,10:10:43,39755.4500,1
RNH9,10:10:43,43040.5500,1
RNH9,10:10:43,41404.9500,1
RNH9,10:10:43,43044.7500,1
RNH9,10:10:43,39765.1500,1
RNH9,10:10:43,42634.8000,1
RNH9,10:10:43,41788.3800,10
RNH9,10:10:43,42227.9400,1
RNH9,10:10:43,41407.9800,1
RNH9,10:10:43,42228.9700,1
RNH9,10:10:43,43050.0000,2
RNH9,10:10:43,41000.0000,2
RNH9,10:10:43,39770.9700,2
RNH9,10:10:43,39778.7300,29
RNH9,10:10:43,43050.0000,2
RNH9,10:10:43,42640.0000,1
RNH9,10:10:43,39360.0000,1
RNH9,10:10:43,39370.5600,1
RNH9,10:10:43,42256.7800,1
RNH9,10:10:43,42256.7800,1
RNH9,10:10:43,41846.5200,1
RNH9,10:10:43,39385.9200,1
RNH9,10:10:43,39798.1300,1
RNH9,10:10:43,42660.8000,1
RNH9,10:10:43,41848.5600,1
RNH9,10:10:43,40617.7200,1
RNH9,10:10:44,41027.0000,1
RNH9,10:10:44,39386.8800,1
RNH9,10:10:44,40218.2200,1
RNH9,10:10:44,42681.6000,1
RNH9,10:10:44,42663.9200,2
RNH9,10:10:45,42680.5600,1
RNH9,10:10:45,42270.1700,1
RNH9,10:10:47,42667.0400,1
RNH9,10:10:47,40205.4800,1
RNH9,10:10:47,43068.9000,1
RNH9,10:10:58,39770.0000,6
RNH9,10:10:58,41000.0000,6
RNH9,10:11:01,41820.0000,6
RNH9,10:11:01,40180.0000,6
RNH9,10:11:01,40180.0000,1
RNH9,10:11:05,41419.0900,1
RNH9,10:11:05,41009.0000,1
RNH9,10:11:15,41450.4000,1
RNH9,10:11:32,40632.5700,1
RNH9,10:11:32,40231.9400,3
RNH9,10:11:33,41468.5800,1
RNH9,10:11:33,40649.4000,1
RNH9,10:11:33,39007.0000,1
RNH9,10:11:33,42702.4000,1
RNH9,10:11:40,43099.3500,1
RNH9,10:12:02,39416.6400,1
RNH9,10:12:04,40640.4900,2
RNH9,10:12:21,40658.3100,1
RNH9,10:12:21,41070.0000,2
RNH9,10:12:22,40667.2200,1
RNH9,10:12:35,42322.7000,1
RNH9,10:12:35,43149.7500,1
RNH9,10:12:35,41922.0000,1
RNH9,10:12:35,43155.0000,1
RNH9,10:12:35,43141.3500,1
RNH9,10:12:35,41908.7400,1
RNH9,10:12:36,43166.5500,1
RNH9,10:12:36,39484.8000,1
RNH9,10:12:36,40309.3600,1
RNH9,10:12:36,39488.6400,5
RNH9,10:12:36,40728.6000,1
RNH9,10:12:36,40731.5700,3
RNH9,10:12:36,39085.8500,1
RNH9,10:12:38,40319.1600,1
RNH9,10:12:38,43200.1500,1
RNH9,10:12:38,41150.0000,1
RNH9,10:12:38,39914.5300,1
RNH9,10:12:39,39503.0400,1
RNH9,10:12:40,39929.0800,1
RNH9,10:12:40,41154.0000,2
RNH9,10:12:40,42388.6200,2
RNH9,10:12:40,40742.4600,1
RNH9,10:12:42,39105.8000,1
RNH9,10:12:42,43222.2000,1
RNH9,10:12:42,43213.8000,1
RNH9,10:12:47,39500.1600,2
RNH9,10:13:02,43195.9500,1
RNH9,10:13:07,41551.4000,2
RNH9,10:13:09,39480.0000,2
RNH9,10:13:55,39466.5600,1
RNH9,10:13:55,41109.0000,1
RNH9,10:13:55,39867.9700,1
RNH9,10:13:55,39045.0000,2
RNH9,10:14:07,39061.1500,1
RNH9,10:14:17,39480.0000,1
RNH9,10:14:17,41125.0000,1
RNH9,10:14:17,42358.7500,4
RNH9,10:14:28,39070.6500,1
RNH9,10:14:28,39481.9200,2
RNH9,10:14:47,41127.0000,4
RNH9,10:14:47,39481.9200,4
RNH9,10:15:03,41127.0000,2
RNH9,10:15:18,41939.3400,1
RNH9,10:15:18,39877.6700,1
RNH9,10:15:18,39466.5600,1
RNH9,10:15:18,42751.2800,1
RNH9,10:15:18,43161.3000,2
RNH9,10:15:18,40693.9500,17
RNH9,10:15:18,40282.9000,13
RNH9,10:15:21,41091.0000,1
RNH9,10:15:21,39036.4500,3
RNH9,10:15:21,40680.0900,1
RNH9,10:15:23,40666.2300,1
RNH9,10:15:23,39844.6900,1
RNH9,10:15:23,40666.2300,1
RNH9,10:15:57,40679.1000,2
RNH9,10:16:02,41084.0000,1
RNH9,10:16:02,40253.5000,1
RNH9,10:16:19,39456.9600,1
RNH9,10:17:23,39862.1500,1
RNH9,10:18:02,40275.0600,2
RNH9,10:18:59,41519.0800,1
RNH9,10:19:00,39897.0700,2
RNH9,10:19:00,40312.3000,3
RNH9,10:19:00,41962.8000,1
RNH9,10:19:00,39504.0000,1
RNH9,10:19:06,39900.9500,1
RNH9,10:19:06,43207.5000,33
RNH9,10:19:06,42384.5000,2
RNH9,10:19:06,40327.0000,3
RNH9,10:19:06,39092.5000,3
RNH9,10:19:06,41973.0000,3
RNH9,10:19:06,41973.0000,2
RNH9,10:19:06,42384.5000,3
RNH9,10:19:06,41150.0000,1
RNH9,10:19:06,39504.0000,3
RNH9,10:19:06,43207.5000,3
RNH9,10:19:06,42796.0000,2
RNH9,10:19:06,41973.0000,1
RNH9,10:19:06,41146.0000,1
RNH9,10:19:06,42384.5000,10
RNH9,10:19:06,39915.5000,1
RNH9,10:19:06,41973.0000,1
RNH9,10:19:06,41148.0000,1
RNH9,10:19:06,41146.0000,1
RNH9,10:19:16,39509.7600,1
RNH9,10:19:22,40742.4600,1
RNH9,10:19:26,41155.0000,1
RNH9,10:19:50,39508.8000,1
RNH9,10:19:50,42801.2000,2
RNH9,10:20:00,39941.6900,1
RNH9,10:20:01,43234.8000,1
RNH9,10:20:02,43236.9000,1
RNH9,10:20:08,42828.2400,1
RNH9,10:20:33,40765.2300,1
RNH9,10:20:38,39120.0500,1
RNH9,10:20:38,43239.0000,1
RNH9,10:20:38,40768.2000,2
RNH9,10:20:58,42827.2000,8
RNH9,10:20:59,42824.0800,1
RNH9,10:20:59,40762.2600,2
RNH9,10:21:10,42410.2500,1
RNH9,10:21:10,40354.4400,1
RNH9,10:22:02,43228.5000,1
RNH9,10:22:04,42822.0000,1
RNH9,10:22:04,39528.9600,1
RNH9,10:22:04,43239.0000,1
RNH9,10:22:12,40787.0100,1
RNH9,10:22:12,39964.0000,1
RNH9,10:22:12,43260.0000,1
RNH9,10:22:12,41621.0900,2
RNH9,10:22:12,42446.3000,2
RNH9,10:22:12,41625.1300,4
RNH9,10:22:12,42021.9600,1
RNH9,10:22:14,42423.6400,1
RNH9,10:22:28,40774.1400,1
RNH9,10:22:28,42417.4600,1
RNH9,10:23:07,42019.9200,1
RNH9,10:23:07,41207.0000,1
RNH9,10:23:54,40782.0600,1
RNH9,10:24:03,41605.9400,2
RNH9,10:24:03,40787.0100,1
RNH9,10:24:04,42845.9200,1
RNH9,10:24:06,40373.0600,1
RNH9,10:24:06,42432.9100,2
RNH9,10:24:07,42434.9700,1
RNH9,10:24:15,39164.7000,1
RNH9,10:24:16,39990.1900,1
RNH9,10:24:18,40402.4600,1
RNH9,10:24:18,42471.0200,1
RNH9,10:24:24,41646.3400,1
RNH9,10:24:25,42898.9600,1
RNH9,10:24:26,43309.3500,1
RNH9,10:24:26,39597.1200,1
RNH9,10:24:26,42484.4100,1
RNH9,10:24:29,42493.6800,1
RNH9,10:24:33,40423.0400,1
RNH9,10:24:47,40422.0600,1
RNH9,10:24:50,40009.5900,1
RNH9,10:24:55,42907.2800,1
RNH9,10:24:57,39197.9500,1
RNH9,10:24:57,42090.3000,1
RNH9,10:24:58,42920.8000,1
RNH9,10:24:58,41271.0000,2
RNH9,10:24:58,40446.5600,2
RNH9,10:24:59,40861.2600,1
RNH9,10:25:00,40445.5800,1
RNH9,10:25:01,42921.8400,1
RNH9,10:25:01,40853.3400,1
RNH9,10:25:02,40855.3200,1
RNH9,10:25:02,42097.4400,2
RNH9,10:25:02,41685.7300,1
RNH9,10:25:02,42513.2500,1
RNH9,10:25:06,40451.4600,5
RNH9,10:25:06,39622.0800,1
RNH9,10:25:06,39623.0400,1
RNH9,10:25:08,40449.5000,1
RNH9,10:25:08,40453.4200,1
RNH9,10:25:08,40863.2400,5
RNH9,10:25:19,43353.4500,1
RNH9,10:25:19,41691.7900,1
RNH9,10:25:19,41690.7800,1
RNH9,10:25:22,42516.3400,1
RNH9,10:25:22,39208.4000,1
RNH9,10:25:31,40041.6000,1
RNH9,10:25:32,42116.8200,1
RNH9,10:25:32,39627.8400,1
RNH9,10:25:33,42516.3400,1
RNH9,10:26:00,42098.4600,1
RNH9,10:26:00,41273.0000,1
RNH9,10:26:01,41273.0000,1
RNH9,10:26:01,40860.2700,1
RNH9,10:26:01,40859.2800,4
RNH9,10:26:01,39621.1200,4
RNH9,10:26:01,42922.8800,2
RNH9,10:26:01,42922.8800,2
RNH9,10:26:08,41685.7300,1
RNH9,10:26:13,41272.0000,3
RNH9,10:26:27,41684.7200,11
RNH9,10:26:27,39621.1200,33
RNH9,10:26:27,41272.0000,11
RNH9,10:26:43,40436.7600,3
RNH9,10:26:43,39183.7000,1
RNH9,10:26:47,42480.2900,1
RNH9,10:27:02,39976.6100,1
RNH9,10:27:09,42482.3500,1
RNH9,10:27:09,40834.5300,1
RNH9,10:27:09,42896.8800,1
RNH9,10:27:09,41249.0000,1
RNH9,10:27:09,40421.0800,1
RNH9,10:27:13,43279.9500,1
RNH9,10:28:06,40421.0800,2
RNH9,10:28:16,41225.0000,2
RNH9,10:28:16,40400.5000,2
RNH9,10:28:40,39982.4300,2
RNH9,10:29:00,41631.1900,2
RNH9,10:29:03,39159.0000,2
RNH9,10:29:03,40807.8000,1
RNH9,10:29:07,41213.0000,1
RNH9,10:29:07,41210.0000,5
RNH9,10:29:24,41205.0000,1
RNH9,10:29:29,43262.1000,2
RNH9,10:29:37,42438.0600,1
RNH9,10:29:37,43262.1000,2
RNH9,10:29:37,40788.9900,2
RNH9,10:29:47,42024.0000,1
RNH9,10:29:47,41612.0000,2
RNH9,10:29:47,41195.0000,2
RNH9,10:29:47,41195.0000,2
RNH9,10:30:23,39159.0000,1
RNH9,10:30:25,39983.4000,2
RNH9,10:30:25,42874.0000,1
RNH9,10:30:25,42461.7500,2
RNH9,10:30:25,39163.7500,3
RNH9,10:30:28,42864.6400,1
RNH9,10:30:28,40393.6400,1
RNH9,10:30:32,42457.6300,1
RNH9,10:30:33,41221.0000,1
RNH9,10:30:33,39569.2800,1
RNH9,10:30:33,39155.2000,1
RNH9,10:30:46,40812.7500,1
RNH9,10:30:46,41637.2500,1
RNH9,10:30:46,39163.7500,1
RNH9,10:30:46,43286.2500,1
RNH9,10:30:46,42874.0000,1
RNH9,10:30:46,41632.2000,1
RNH9,10:30:46,39571.2000,1
RNH9,10:30:46,39571.2000,1
RNH9,10:30:46,42868.8000,1
RNH9,10:30:46,42454.5400,1
RNH9,10:30:46,42040.3200,1
RNH9,10:30:46,39978.5500,1
RNH9,10:30:46,41214.0000,1
RNH9,10:31:55,42437.0300,1
RNH9,10:31:55,41201.0000,10
RNH9,10:31:55,41200.0000,1
RNH9,10:32:46,42848.0000,1
RNH9,10:32:46,42436.0000,10
RNH9,10:32:46,39963.0300,4
RNH9,10:32:59,41610.9900,2
RNH9,10:32:59,39139.0500,1
RNH9,10:32:59,42848.0000,2
RNH9,10:33:43,42415.4000,1
RNH9,10:33:46,42415.4000,1
RNH9,10:34:03,40768.2000,1
RNH9,10:35:00,42410.2500,1
RNH9,10:35:04,42003.6000,3
RNH9,10:35:24,42003.6000,15
RNH9,10:35:24,39944.6000,1
RNH9,10:35:24,41183.0000,3
RNH9,10:35:24,39948.4800,2
RNH9,10:35:24,40360.3200,1
RNH9,10:35:24,39133.3500,1
RNH9,10:35:27,39545.2800,1
RNH9,10:35:27,39134.3000,5
RNH9,10:35:27,42022.9800,2
RNH9,10:35:27,39552.0000,3
RNH9,10:35:27,39151.4000,2
RNH9,10:35:27,42845.9200,2
RNH9,10:35:27,39163.7500,1
RNH9,10:35:27,41637.2500,1
RNH9,10:35:27,42462.7800,5
RNH9,10:35:27,42059.7000,3
RNH9,10:35:27,42476.1700,2
RNH9,10:35:27,42889.6000,2
RNH9,10:35:27,42889.6000,1
RNH9,10:35:27,40415.2000,7
RNH9,10:35:27,42075.0000,1
RNH9,10:35:27,43312.5000,2
RNH9,10:35:27,42487.5000,3
RNH9,10:35:27,41662.5000,1
RNH9,10:35:27,40836.5100,3
RNH9,10:35:27,40010.5600,1
RNH9,10:35:27,39190.3500,1
RNH9,10:35:27,39603.8400,1
RNH9,10:35:27,40840.4700,1
RNH9,10:35:27,43344.0000,1
RNH9,10:35:27,39222.6500,1
RNH9,10:35:27,41695.8300,1
RNH9,10:35:27,41678.6600,1
RNH9,10:35:27,41678.6600,1
RNH9,10:35:27,42916.6400,1
RNH9,10:35:27,41679.6700,1
RNH9,10:35:28,40028.9900,1
RNH9,10:35:28,42092.3400,1
RNH9,10:35:28,40851.3600,1
RNH9,10:35:28,42914.5600,1
RNH9,10:35:28,41264.0000,1
RNH9,10:35:28,41677.6500,1
RNH9,10:35:28,40439.7000,1
RNH9,10:35:28,42091.3200,1
RNH9,10:35:28,39202.7000,1
RNH9,10:35:28,40854.3300,1
RNH9,10:35:28,39616.3200,1
RNH9,10:35:28,40029.9600,1
RNH9,10:35:28,39204.6000,1
RNH9,10:35:28,41263.0000,1
RNH9,10:35:28,40025.1100,1
RNH9,10:35:28,43326.1500,1
RNH9,10:35:28,39612.4800,1
RNH9,10:35:29,43326.1500,1
RNH9,10:35:29,43326.1500,1
RNH9,10:35:29,42909.3600,1
RNH9,10:35:29,40845.4200,1
RNH9,10:35:29,41258.0000,1
RNH9,10:35:29,42495.7400,1
RNH9,10:35:29,41670.5800,1
RNH9,10:35:29,43319.8500,1
RNH9,10:35:29,43320.9000,1
RNH9,10:35:29,43320.9000,1
RNH9,10:35:30,42494.7100,1
RNH9,10:35:30,42907.2800,1
RNH9,10:35:30,42901.0400,1
RNH9,10:35:30,39188.4500,1
RNH9,10:35:30,43313.5500,1
RNH9,10:35:30,41251.0000,1
RNH9,10:35:30,43313.5500,1
RNH9,10:35:30,42076.0200,1
RNH9,10:35:31,42901.0400,1
RNH9,10:35:31,42488.5300,1
RNH9,10:35:32,41663.5100,1
RNH9,10:35:32,42082.1400,1
RNH9,10:35:33,39606.7200,1
RNH9,10:35:36,42099.4800,2
RNH9,10:35:46,40860.2700,1
RNH9,10:36:05,40024.1400,10
RNH9,10:36:05,43324.0500,3
RNH9,10:36:05,43323.0000,5
RNH9,10:36:05,41258.0000,2
RNH9,10:36:05,40017.3500,13
RNH9,10:36:05,41673.6100,1
RNH9,10:36:05,42063.7800,1
RNH9,10:36:05,42077.0400,3
RNH9,10:36:05,40879.0800,1
RNH9,10:36:05,40879.0800,1
RNH9,10:36:05,39647.0400,1
RNH9,10:36:05,39646.0800,2
RNH9,10:36:05,42101.5200,1
RNH9,10:36:05,40034.8100,1
RNH9,10:36:05,40033.8400,1
RNH9,10:36:05,42510.1600,1
RNH9,10:36:05,40041.6000,3
RNH9,10:36:05,43335.6000,1
RNH9,10:36:05,39620.1600,1
RNH9,10:36:06,42509.1300,1
RNH9,10:36:06,42096.4200,1
RNH9,10:36:06,40032.8700,1
RNH9,10:36:06,42921.8400,1
RNH9,10:36:06,42919.7600,1
RNH9,10:36:06,40032.8700,1
RNH9,10:36:06,39207.4500,1
RNH9,10:36:06,43334.5500,1
RNH9,10:36:06,39620.1600,1
RNH9,10:36:06,39206.5000,1
RNH9,10:36:06,40444.6000,1
RNH9,10:36:06,40030.9300,1
RNH9,10:36:06,42507.0700,1
RNH9,10:36:06,43312.5000,1
RNH9,10:36:06,42075.0000,1
RNH9,10:36:06,42898.9600,1
RNH9,10:36:06,39599.0400,1
RNH9,10:36:06,41249.0000,1
RNH9,10:36:08,42075.0000,1
RNH9,10:36:14,42103.5600,2
RNH9,10:36:14,40041.6000,7
RNH9,10:36:14,39225.5000,2
RNH9,10:36:14,41299.0000,1
RNH9,10:36:14,40060.0300,1
RNH9,10:36:14,42537.9700,1
RNH9,10:36:14,40887.0000,1
RNH9,10:36:35,40876.1100,5
RNH9,10:36:35,42521.4900,10
RNH9,10:36:36,40444.6000,2
RNH9,10:36:36,43316.7000,4
RNH9,10:37:00,40857.3000,5
RNH9,10:37:14,42084.1800,1
RNH9,10:37:14,40846.4100,3
RNH9,10:38:01,40429.9000,1
RNH9,10:38:04,40843.4400,1
RNH9,10:38:56,41670.5800,1
RNH9,10:38:56,42496.7700,1
RNH9,10:38:56,39211.2500,1
RNH9,10:39:34,40038.6900,1
RNH9,10:39:34,41690.7800,1
RNH9,10:39:55,39597.1200,2
RNH9,10:40:43,40458.3200,1
RNH9,10:40:43,39219.8000,1
RNH9,10:40:43,40458.3200,1
RNH9,10:40:43,43347.1500,1
RNH9,10:40:43,40042.5700,1
RNH9,10:40:43,40868.1900,1
RNH9,10:40:44,43345.0500,1
RNH9,10:40:56,41300.0000,2
RNH9,10:40:56,39648.0000,2
RNH9,10:40:56,42126.0000,1
RNH9,10:40:56,41719.0600,1
RNH9,10:41:00,41305.0000,1
RNH9,10:41:23,40904.8200,1
RNH9,10:41:23,42145.3800,1
RNH9,10:41:23,42562.6900,1
RNH9,10:41:23,41738.2500,3
RNH9,10:41:23,41325.0000,1
RNH9,10:41:29,39253.0500,2
RNH9,10:41:35,40085.2500,1
RNH9,10:41:35,39673.9200,2
RNH9,10:41:35,41323.0000,1
RNH9,10:41:38,39672.0000,1
RNH9,10:41:44,40905.8100,4
RNH9,10:41:58,39254.0000,1
RNH9,10:42:31,42569.9000,1
RNH9,10:42:31,40503.4000,1
RNH9,10:43:10,40489.6800,1
RNH9,10:43:47,43399.6500,1
RNH9,10:43:47,42996.7200,2
RNH9,10:43:47,40934.5200,3
RNH9,10:43:59,43001.9200,2
RNH9,10:44:42,42569.9000,1
RNH9,10:44:52,40087.1900,1
RNH9,10:45:01,43391.2500,3
RNH9,10:45:01,42975.9200,1
RNH9,10:45:01,41323.0000,1
RNH9,10:45:01,40496.5400,1
RNH9,10:45:01,40483.8000,2
RNH9,10:45:01,41723.1000,2
RNH9,10:45:01,40896.9000,1
RNH9,10:45:14,40102.7100,1
RNH9,10:45:14,42169.8600,1
RNH9,10:45:14,41315.0000,1
RNH9,10:45:14,43380.7500,1
RNH9,10:45:14,42967.6000,1
RNH9,10:45:14,41314.0000,1
RNH9,10:45:14,41727.1400,1
RNH9,10:45:14,39659.5200,1
RNH9,10:45:14,39659.5200,1
RNH9,10:45:14,42964.4800,1
RNH9,10:45:14,41312.0000,1
RNH9,10:45:14,40072.6400,1
RNH9,10:45:14,40072.6400,1
RNH9,10:45:25,39256.8500,2
RNH9,10:45:25,43389.1500,1
RNH9,10:45:37,42581.2300,1
RNH9,10:45:37,42994.6400,1
RNH9,10:46:31,42580.2000,1
RNH9,10:46:31,41761.4800,1
RNH9,10:46:31,43001.9200,1
RNH9,10:46:31,41348.0000,1
RNH9,10:46:31,43001.9200,2
RNH9,10:46:31,39282.5000,1
RNH9,10:46:31,42590.5000,4
RNH9,10:46:31,41350.0000,4
RNH9,10:46:31,42590.5000,1
RNH9,10:46:32,43013.3600,1
RNH9,10:46:32,40517.1200,1
RNH9,10:46:32,41760.4700,1
RNH9,10:46:35,42192.3000,1
RNH9,10:46:35,40125.0200,1
RNH9,10:46:40,43017.5200,1
RNH9,10:46:45,43022.7200,1
RNH9,10:46:45,40955.3100,1
RNH9,10:46:45,42616.2500,5
RNH9,10:46:45,42205.5600,2
RNH9,10:46:45,42624.4900,1
RNH9,10:46:52,41783.7000,1
RNH9,10:46:52,39719.0400,1
RNH9,10:46:52,42616.2500,1
RNH9,10:46:52,43033.1200,2
RNH9,10:46:52,41796.8300,2
RNH9,10:46:54,39728.6400,1
RNH9,10:46:54,42212.7000,1
RNH9,10:46:54,41800.8700,1
RNH9,10:46:54,40561.2200,1
RNH9,10:46:55,40120.1700,1
RNH9,10:47:42,42620.3700,1
RNH9,10:47:42,39733.4400,1
RNH9,10:47:42,40978.0800,1
RNH9,10:47:42,42210.6600,8
RNH9,10:47:42,41383.0000,2
RNH9,10:47:48,42202.5000,1
RNH9,10:47:48,40133.7500,1
RNH9,10:48:01,40961.2500,3
RNH9,10:48:04,43027.9200,1
RNH9,10:48:04,39718.0800,1
RNH9,10:48:06,39321.4500,1
RNH9,10:48:09,40553.3800,1
RNH9,10:48:13,39726.7200,3
RNH9,10:48:13,43451.1000,3
RNH9,10:48:18,41377.0000,1
RNH9,10:48:18,43444.8000,1
RNH9,10:48:20,40972.1400,2
RNH9,10:48:25,39720.0000,1
RNH9,10:48:26,39318.6000,1
RNH9,10:48:26,43047.6800,1
RNH9,10:48:30,43449.0000,2
RNH9,10:48:56,40552.4000,3
RNH9,10:49:03,40134.7200,10
RNH9,10:49:07,39720.9600,1
RNH9,10:49:13,39306.2500,1
RNH9,10:49:39,42218.8200,1
RNH9,10:49:39,39736.3200,3
RNH9,10:49:51,41812.9900,2
RNH9,10:49:51,41400.0000,1
RNH9,10:49:51,40986.0000,23
RNH9,10:49:51,42228.0000,4
RNH9,10:49:56,40161.8800,1
RNH9,10:49:56,39748.8000,1
RNH9,10:50:06,39744.0000,13
RNH9,10:50:09,39330.0000,1
RNH9,10:50:16,43470.0000,6
RNH9,10:50:24,40572.0000,4
RNH9,10:50:55,39333.8000,1
RNH9,10:50:55,40168.6700,2
RNH9,10:50:55,40170.6100,1
RNH9,10:51:18,40158.0000,1
RNH9,10:51:20,39760.3200,2
RNH9,10:51:35,40986.9900,1
RNH9,10:51:35,42667.7500,9
RNH9,10:51:35,42667.7500,8
RNH9,10:51:35,41010.7500,1
RNH9,10:51:35,42253.5000,2
RNH9,10:51:35,41428.0000,1
RNH9,10:51:35,43501.5000,1
RNH9,10:51:45,41825.1100,1
RNH9,10:51:53,40160.9100,1
RNH9,10:52:23,43094.4800,1
RNH9,10:52:25,42257.5800,1
RNH9,10:52:36,41005.8000,1
RNH9,10:52:39,43491.0000,1
RNH9,10:52:59,39358.5000,1
RNH9,10:53:14,40606.3000,1
RNH9,10:53:24,41035.5000,2
RNH9,10:53:25,41862.4800,2
RNH9,10:53:26,43087.2000,1
RNH9,10:53:31,42708.9500,1
RNH9,10:53:31,42294.3000,1
RNH9,10:53:31,43123.6000,1
RNH9,10:53:31,42709.9800,1
RNH9,10:53:31,41051.3400,1
RNH9,10:53:32,41049.3600,1
RNH9,10:53:32,39807.3600,1
RNH9,10:53:32,42711.0100,1
RNH9,10:53:32,40222.9900,1
RNH9,10:53:32,39393.6500,1
RNH9,10:53:40,42279.0000,1
RNH9,10:53:40,41450.0000,7
RNH9,10:53:40,41450.0000,2
RNH9,10:53:41,43538.2500,2
RNH9,10:53:41,41055.3000,1
RNH9,10:53:41,43543.5000,1
RNH9,10:53:41,39396.5000,6
RNH9,10:53:50,39801.6000,1
RNH9,10:53:58,42696.5900,5
RNH9,10:53:58,41866.5200,10
RNH9,10:53:58,39378.4500,1
RNH9,10:53:58,43108.0000,9
RNH9,10:54:12,40209.4100,5
RNH9,10:54:36,39379.4000,1
RNH9,10:54:46,40225.9000,1
RNH9,10:55:16,40223.9600,1
RNH9,10:55:33,41037.4800,1
RNH9,10:55:35,42298.3800,1
RNH9,10:56:12,40636.6800,2
RNH9,10:56:53,41050.3500,1
RNH9,10:56:55,43130.8800,1
RNH9,10:56:55,43130.8800,1
RNH9,10:56:55,42716.1600,1
RNH9,10:56:55,39802.5600,1
RNH9,10:56:55,41874.6000,4
RNH9,10:57:05,41889.7500,5
RNH9,10:57:05,43549.8000,1
RNH9,10:57:05,43136.0800,1
RNH9,10:57:05,40230.7500,1
RNH9,10:57:08,42724.4000,1
RNH9,10:57:08,40235.6000,18
RNH9,10:57:08,41894.8000,2
RNH9,10:57:15,42719.2500,2
RNH9,10:57:15,39816.0000,3
RNH9,10:57:27,43557.1500,1
RNH9,10:57:27,41068.1700,1
RNH9,10:57:36,43139.2000,1
RNH9,10:57:42,41060.2500,1
RNH9,10:57:42,42309.6000,1
RNH9,10:57:42,42724.4000,8
RNH9,10:57:44,41060.2500,5
RNH9,10:58:02,39825.6000,6
RNH9,10:58:10,43562.4000,1
RNH9,10:58:10,41489.0000,1
RNH9,10:58:15,43144.4000,1
RNH9,10:58:19,42322.8600,5
RNH9,10:58:26,41493.0000,2
RNH9,10:58:29,40665.1000,1
RNH9,10:58:29,43569.7500,1
RNH9,10:58:32,42328.9800,2
RNH9,10:58:32,42745.0000,5
RNH9,10:58:32,40259.8500,5
RNH9,10:58:32,41928.1300,1
RNH9,10:58:32,39853.4400,1
RNH9,10:58:32,43181.8400,1
RNH9,10:58:32,39445.9000,2
RNH9,10:58:32,41523.0000,3
RNH9,10:58:47,41099.8500,1
RNH9,10:58:47,39446.8500,1
RNH9,10:58:47,41523.0000,2
RNH9,10:58:50,39446.8500,1
RNH9,10:58:50,40692.5400,1
RNH9,10:59:04,39862.0800,1
RNH9,10:59:04,41524.0000,1
RNH9,10:59:04,41940.2500,1
RNH9,10:59:04,41109.7500,4
RNH9,10:59:04,39864.0000,6
RNH9,10:59:14,43600.2000,1
RNH9,10:59:32,41540.0000,1
RNH9,10:59:32,42371.8200,1
RNH9,10:59:32,41960.4500,1
RNH9,10:59:32,40718.0200,2
RNH9,10:59:32,39477.2500,1
RNH9,10:59:32,40723.9000,1
RNH9,10:59:32,43633.8000,1
RNH9,10:59:32,42381.0000,2
RNH9,10:59:34,41959.4400,2
RNH9,10:59:36,43205.7600,1
RNH9,10:59:36,42799.5900,1
RNH9,10:59:37,40306.4100,2
RNH9,10:59:38,42385.0800,1
RNH9,10:59:38,42802.6800,1
RNH9,10:59:39,43214.0800,1
RNH9,10:59:39,41563.0000,1
RNH9,10:59:40,41147.3700,2
RNH9,10:59:41,39485.8000,1
RNH9,10:59:42,42810.9200,1
RNH9,10:59:43,43226.5600,1
RNH9,10:59:44,39472.5000,2
RNH9,10:59:44,40719.0000,2
RNH9,10:59:44,42796.5000,2
RNH9,10:59:44,43212.0000,1
RNH9,10:59:44,43627.5000,1
RNH9,10:59:44,39472.5000,1
RNH9,10:59:45,40303.5000,1
RNH9,10:59:46,43225.5200,1
RNH9,10:59:47,41978.6300,1
RNH9,10:59:48,43642.2000,1
RNH9,10:59:49,43642.2000,1
RNH9,10:59:50,41147.3700,1
RNH9,10:59:51,41148.3600,1
RNH9,10:59:52,43230.7200,1
RNH9,10:59:52,41127.5700,1
RNH9,10:59:53,41149.3500,1
RNH9,10:59:54,41575.0000,1
RNH9,10:59:55,39489.6000,1
RNH9,11:00:01,39875.5200,2
RNH9,11:00:01,41952.3700,1
RNH9,11:00:24,39454.4500,4
RNH9,11:00:24,42361.6200,4
RNH9,11:00:24,41946.3100,2
RNH9,11:00:35,42353.4600,1
RNH9,11:00:36,41107.7700,1
RNH9,11:00:37,40700.3800,1
RNH9,11:00:37,42777.9600,1
RNH9,11:00:37,41117.6700,1
RNH9,11:00:37,41535.0000,1
RNH9,11:00:39,40693.5200,1
RNH9,11:01:07,41108.7600,1
RNH9,11:01:58,42342.2400,1
RNH9,11:02:19,39439.2500,10
RNH9,11:02:20,40670.9800,1
RNH9,11:02:20,42746.0300,1
RNH9,11:02:24,43582.3500,1
RNH9,11:02:28,42340.2000,2
RNH9,11:02:45,40264.7000,1
RNH9,11:02:45,41510.0000,1
RNH9,11:03:01,42755.3000,2
RNH9,11:03:04,42755.3000,1
RNH9,11:03:05,39849.6000,1
RNH9,11:03:05,39434.5000,2
RNH9,11:03:08,40682.7400,1
RNH9,11:03:09,39840.0000,10
RNH9,11:03:42,40235.6000,18
RNH9,11:03:42,43554.0000,7
RNH9,11:03:42,40235.6000,7
RNH9,11:03:42,43554.0000,1
RNH9,11:03:50,40231.7200,1
RNH9,11:03:50,42311.6400,1
RNH9,11:03:51,41890.7600,1
RNH9,11:03:51,40230.7500,4
RNH9,11:04:06,40230.7500,1
RNH9,11:04:07,39396.5000,1
RNH9,11:04:08,40225.9000,4
RNH9,11:04:08,39393.6500,1
RNH9,11:04:08,42709.9800,1
RNH9,11:04:09,39801.6000,8
RNH9,11:04:09,41045.4000,2
RNH9,11:04:09,40206.5000,1
RNH9,11:04:09,39377.5000,5
RNH9,11:04:09,40621.0000,4
RNH9,11:04:09,39776.6400,2
RNH9,11:04:09,42677.0200,1
RNH9,11:04:09,42674.9600,1
RNH9,11:04:09,43513.0500,2
RNH9,11:04:10,41029.5600,3
RNH9,11:04:15,41451.0000,7
RNH9,11:04:15,43523.5500,3
RNH9,11:04:15,43527.7500,1
RNH9,11:04:15,39796.8000,1
RNH9,11:04:15,41869.5500,2
RNH9,11:04:15,39382.2500,3
RNH9,11:04:15,42284.1000,7
RNH9,11:04:15,42698.6500,7
RNH9,11:04:15,42284.1000,7
RNH9,11:04:15,41869.5500,7
RNH9,11:04:15,42284.1000,1
RNH9,11:04:15,40211.3500,2
RNH9,11:04:15,39796.8000,4
RNH9,11:04:15,42698.6500,4
RNH9,11:04:15,43527.7500,3
RNH9,11:04:15,41045.4000,7
RNH9,11:04:15,43118.4000,7
RNH9,11:04:15,39801.6000,7
RNH9,11:04:15,40630.8000,7
RNH9,11:04:15,41874.6000,7
RNH9,11:04:15,43533.0000,7
RNH9,11:04:15,40216.2000,1
RNH9,11:04:19,43548.7500,3
RNH9,11:04:20,43128.8000,2
RNH9,11:04:20,41055.3000,8
RNH9,11:04:20,41470.0000,8
RNH9,11:04:20,40640.6000,1
RNH9,11:04:20,40635.7000,1
RNH9,11:04:25,39811.2000,1
RNH9,11:04:25,40225.9000,4
RNH9,11:04:34,41870.5600,2
RNH9,11:04:34,41456.0000,10
RNH9,11:04:34,43527.7500,20
RNH9,11:04:34,40208.4400,2
RNH9,11:04:34,42281.0400,36
RNH9,11:04:34,40210.3800,2
RNH9,11:05:12,39794.8800,1
RNH9,11:05:12,42281.0400,1
RNH9,11:05:12,39792.0000,8
RNH9,11:05:15,42707.9200,1
RNH9,11:05:15,41465.0000,1
RNH9,11:05:15,40222.9900,4
RNH9,11:05:15,42299.4000,1
RNH9,11:05:15,41055.3000,3
RNH9,11:05:20,42694.5300,1
RNH9,11:05:20,42693.5000,2
RNH9,11:06:03,42708.9500,20
RNH9,11:06:11,42693.5000,7
RNH9,11:06:11,41450.0000,3
RNH9,11:06:31,41444.0000,1
RNH9,11:06:31,42687.3200,4
RNH9,11:06:34,43522.5000,1
RNH9,11:06:37,42693.5000,2
RNH9,11:06:39,39377.5000,1
RNH9,11:06:40,41864.5000,1
RNH9,11:06:47,42693.5000,1
RNH9,11:07:09,40621.0000,9
RNH9,11:07:21,40214.2600,1
RNH9,11:07:21,41456.0000,1
RNH9,11:07:25,43529.8500,1
RNH9,11:07:25,42286.1400,2
RNH9,11:07:35,40206.5000,8
RNH9,11:07:49,42693.5000,3
RNH9,11:08:16,39787.2000,1
RNH9,11:08:17,43094.4800,1
RNH9,11:08:29,41429.0000,1
RNH9,11:08:53,42253.5000,1
RNH9,11:09:02,40173.5200,6
RNH9,11:09:02,43072.6400,6
RNH9,11:09:02,41830.1600,12
RNH9,11:09:06,40173.5200,6
RNH9,11:09:12,40162.8500,1
RNH9,11:09:12,39329.0500,1
RNH9,11:10:11,40161.8800,1
RNH9,11:10:22,40999.8600,1
RNH9,11:10:28,40160.9100,1
RNH9,11:10:28,42231.0600,4
RNH9,11:10:28,43470.0000,1
RNH9,11:10:34,43477.3500,1
RNH9,11:10:38,41825.1100,1
RNH9,11:10:38,39756.4800,1
RNH9,11:10:38,43071.6000,1
RNH9,11:10:38,42668.7800,2
RNH9,11:10:43,41465.0000,1
RNH9,11:10:43,42718.2200,2
RNH9,11:10:43,40644.5200,2
RNH9,11:10:43,42300.4200,1
RNH9,11:10:57,41056.2900,1
RNH9,11:11:25,42328.9800,1
RNH9,11:11:25,39840.0000,1
RNH9,11:12:22,41509.0000,1
RNH9,11:12:22,43585.5000,1
RNH9,11:12:30,41504.0000,1
RNH9,11:12:34,42334.0800,1
RNH9,11:12:35,41925.1000,4
RNH9,11:12:35,40264.7000,4
RNH9,11:12:35,42755.3000,1
RNH9,11:12:35,39435.4500,1
RNH9,11:12:37,41510.0000,1
RNH9,11:12:54,42345.3000,2
RNH9,11:12:54,41515.0000,1
RNH9,11:12:55,41479.0000,2
RNH9,11:12:55,40649.4200,1
RNH9,11:13:10,42340.2000,1
RNH9,11:13:10,42755.3000,1
RNH9,11:14:26,40696.4600,1
RNH9,11:14:39,42353.4600,1
RNH9,11:14:43,42360.6000,1
RNH9,11:14:45,41945.3000,1
RNH9,11:14:49,40701.3600,1
RNH9,11:15:07,43187.0400,1
RNH9,11:15:25,40289.9200,1
RNH9,11:15:25,43617.0000,1
RNH9,11:15:26,43623.3000,1
RNH9,11:15:26,39471.5500,1
RNH9,11:15:26,42379.9800,1
RNH9,11:15:26,43626.4500,1
RNH9,11:15:26,43626.4500,1
RNH9,11:15:27,39887.0400,1
RNH9,11:15:27,42379.9800,1
RNH9,11:15:27,42383.0400,2
RNH9,11:15:27,41552.0000,1
RNH9,11:15:27,42798.5600,2
RNH9,11:15:27,39479.1500,2
RNH9,11:15:27,42388.1400,1
RNH9,11:15:27,39895.6800,1
RNH9,11:15:27,39481.0500,2
RNH9,11:15:27,43636.9500,3
RNH9,11:15:27,41559.0000,1
RNH9,11:15:35,41961.4600,1
RNH9,11:15:48,40714.1000,1
RNH9,11:16:39,39480.1000,1
RNH9,11:16:39,41144.4000,1
RNH9,11:16:39,41560.0000,2
RNH9,11:16:39,40730.7600,1
RNH9,11:16:41,42371.8200,2
RNH9,11:16:55,40298.6500,3
RNH9,11:16:57,40709.2000,1
RNH9,11:17:15,43193.2800,1
RNH9,11:17:15,42776.9300,1
RNH9,11:17:29,41538.0000,1
RNH9,11:17:45,42334.0800,1
RNH9,11:17:45,43149.6000,1
RNH9,11:18:02,42773.8400,1
RNH9,11:18:30,41487.0000,1
RNH9,11:18:43,42768.6900,1
RNH9,11:19:20,42332.0400,1
RNH9,11:19:28,40670.0000,1
RNH9,11:19:55,41510.0000,1
RNH9,11:20:06,39444.9500,1
RNH9,11:20:06,42352.4400,1
RNH9,11:20:06,43599.1500,1
RNH9,11:20:19,42766.6300,4
RNH9,11:20:19,41936.2100,1
RNH9,11:20:19,39444.9500,5
RNH9,11:22:17,40275.3700,1
RNH9,11:22:17,39859.2000,1
RNH9,11:23:27,42355.5000,1
RNH9,11:23:58,41113.7100,1
RNH9,11:24:43,41113.7100,1
RNH9,11:25:00,40283.1300,1
RNH9,11:25:02,43605.4500,1
RNH9,11:25:02,41113.7100,1
RNH9,11:25:02,43605.4500,1
RNH9,11:25:14,43605.4500,1
RNH9,11:25:14,40283.1300,1
RNH9,11:25:14,39867.8400,1
RNH9,11:25:17,39444.0000,4
RNH9,11:25:37,43190.1600,1
RNH9,11:25:37,40283.1300,11
RNH9,11:25:38,43596.0000,2
RNH9,11:29:41,39885.1200,2
RNH9,11:29:41,40718.0200,1
RNH9,11:30:37,40696.4600,2
RNH9,11:30:37,42356.5200,2
RNH9,11:30:37,42356.5200,1
RNH9,11:31:10,43609.6500,1
RNH9,11:34:25,43196.4000,1
RNH9,11:34:25,40292.8300,2
RNH9,11:35:03,39444.0000,2
RNH9,11:35:06,42350.4000,2
RNH9,11:35:06,41935.2000,14
RNH9,11:35:06,39859.2000,3
RNH9,11:35:06,43180.8000,5
RNH9,11:35:06,40274.4000,4
RNH9,11:35:06,40689.6000,33
RNH9,11:35:06,43596.0000,3
RNH9,11:35:06,42765.6000,1
RNH9,11:35:06,43180.8000,17
RNH9,11:35:06,40689.6000,8
RNH9,11:35:06,41104.8000,8
RNH9,11:35:06,40274.4000,2
RNH9,11:35:25,40689.6000,1
RNH9,11:35:27,40281.1900,3
RNH9,11:35:35,42765.6000,15
RNH9,11:35:35,40689.6000,1
RNH9,11:35:35,41935.2000,15
RNH9,11:35:35,43180.8000,4
RNH9,11:35:35,43189.1200,50
RNH9,11:35:35,42366.7200,2
RNH9,11:35:35,40704.3000,2
RNH9,11:35:35,41121.6300,2
RNH9,11:35:35,43597.0500,1
RNH9,11:35:40,41954.3900,1
RNH9,11:36:08,41954.3900,2
RNH9,11:36:29,40284.1000,7
RNH9,11:36:30,41954.3900,7
RNH9,11:36:35,41539.0000,1
RNH9,11:36:35,41123.6100,1
RNH9,11:36:35,39462.0500,2
RNH9,11:36:35,41954.3900,2
RNH9,11:36:35,43615.9500,1
RNH9,11:36:37,43200.5600,1
RNH9,11:36:37,41539.0000,3
RNH9,11:36:46,42801.6500,1
RNH9,11:36:51,41965.5000,2
RNH9,11:38:00,41960.4500,2
RNH9,11:39:25,40303.5000,3
RNH9,11:39:31,42774.8700,2
RNH9,11:40:29,43598.1000,1
RNH9,11:41:30,40692.5400,1
RNH9,11:41:35,40689.6000,5
RNH9,11:41:41,40689.6000,2
RNH9,11:42:31,40274.4000,1
RNH9,11:43:42,43183.9200,2
RNH9,11:44:02,43180.8000,3
RNH9,11:44:07,39859.2000,4
RNH9,11:44:28,43187.0400,13
RNH9,11:44:28,39864.9600,3
RNH9,11:44:28,43611.7500,1
RNH9,11:44:28,42365.7000,2
RNH9,11:44:28,39458.2500,3
RNH9,11:44:28,40704.3000,3
RNH9,11:44:28,42370.8000,5
RNH9,11:44:28,39878.4000,5
RNH9,11:44:28,42370.8000,5
RNH9,11:44:28,39874.5600,4
RNH9,11:44:31,41125.5900,2
RNH9,11:46:00,40280.2200,1
RNH9,11:47:47,41526.0000,1
RNH9,11:47:59,42356.5200,1
RNH9,11:47:59,40694.5000,1
RNH9,11:47:59,39447.8000,1
RNH9,11:47:59,42354.4800,1
RNH9,11:47:59,41524.0000,1
RNH9,11:48:37,41939.2400,1
RNH9,11:48:49,39462.0500,2
RNH9,11:48:52,43610.7000,1
RNH9,11:48:56,41524.0000,1
RNH9,11:48:56,42769.7200,1
RNH9,11:48:56,43184.9600,1
RNH9,11:48:56,40693.5200,1
RNH9,11:48:56,41938.2300,30
RNH9,11:48:56,41938.2300,2
RNH9,11:48:56,41938.2300,1
RNH9,11:48:56,39862.0800,2
RNH9,11:48:56,41522.0000,1
RNH9,11:48:56,41521.0000,2
RNH9,11:48:56,40275.3700,23
RNH9,11:48:56,43181.8400,1
RNH9,11:48:56,39444.0000,1
RNH9,11:48:56,42350.4000,56
RNH9,11:49:04,42769.7200,2
RNH9,11:49:05,43597.0500,2
RNH9,11:49:06,41104.8000,2
RNH9,11:49:06,40689.6000,1
RNH9,11:49:07,40274.4000,1
RNH9,11:49:07,42765.6000,1
RNH9,11:49:09,39859.2000,15
RNH9,11:49:14,42765.6000,1
RNH9,11:49:14,43596.0000,1
RNH9,11:49:15,41935.2000,1
RNH9,11:49:16,42353.4600,1
RNH9,11:49:16,41938.2300,1
RNH9,11:49:16,43596.0000,2
RNH9,11:49:16,42353.4600,2
RNH9,11:49:16,41939.2400,4
RNH9,11:49:16,41108.7600,2
RNH9,11:49:22,42350.4000,20
RNH9,11:49:24,42765.6000,3
RNH9,11:49:24,41104.8000,2
RNH9,11:49:24,39862.0800,1
RNH9,11:49:24,43599.1500,1
RNH9,11:49:24,41935.2000,2
RNH9,11:49:39,39859.2000,2
RNH9,11:49:41,41936.2100,1
RNH9,11:49:41,42351.4200,3
RNH9,11:49:41,40690.5800,1
RNH9,11:49:41,39447.8000,2
RNH9,11:49:42,40690.5800,5
RNH9,11:49:42,41937.2200,1
RNH9,11:49:42,42351.4200,4
RNH9,11:49:42,42363.6600,1
RNH9,11:49:46,41954.3900,2
RNH9,11:49:46,40295.7400,1
RNH9,11:49:46,41542.0000,5
RNH9,11:49:53,43610.7000,3
RNH9,11:49:53,41123.6100,2
RNH9,11:49:53,41954.3900,2
RNH9,11:49:53,42785.1700,1
RNH9,11:49:53,43200.5600,2
RNH9,11:49:53,43615.9500,2
RNH9,11:49:53,43615.9500,1
RNH9,11:49:53,39877.4400,1
RNH9,11:49:57,41953.3800,1
RNH9,11:50:41,40701.3600,1
RNH9,11:50:41,42777.9600,1
RNH9,11:50:41,41947.3200,1
RNH9,11:50:41,40701.3600,1
RNH9,11:50:41,39870.7200,2
RNH9,11:51:14,39864.0000,9
RNH9,11:51:56,41128.5600,1
RNH9,11:52:18,43184.9600,1
RNH9,11:52:18,41524.0000,1
RNH9,11:52:18,41108.7600,3
RNH9,11:52:18,40693.5200,3
RNH9,11:52:18,40693.5200,1
RNH9,11:52:18,41524.0000,15
RNH9,11:52:21,40282.1600,7
RNH9,11:52:21,41112.7200,7
RNH9,11:53:07,39854.4000,1
RNH9,11:53:17,39855.3600,1
RNH9,11:54:08,39867.8400,7
RNH9,11:54:08,42774.8700,2
RNH9,11:54:08,40698.4200,2
RNH9,11:54:09,39865.9200,1
RNH9,11:54:42,40281.1900,6
RNH9,11:54:42,41942.2700,4
RNH9,11:54:42,39453.5000,11
RNH9,11:54:58,43611.7500,3
RNH9,11:54:58,42370.8000,5
RNH9,11:57:10,42365.7000,4
RNH9,11:57:10,43200.5600,1
RNH9,11:57:22,40281.1900,1
RNH9,11:58:19,39441.1500,2
RNH9,11:58:19,43589.7000,1
RNH9,11:58:19,40682.7400,3
RNH9,11:58:19,43588.6500,3
RNH9,11:58:19,41928.1300,1
RNH9,11:58:28,43186.0000,2
RNH9,11:59:05,39444.0000,2
RNH9,11:59:15,43181.8400,3
RNH9,12:00:23,41105.7900,3
RNH9,12:00:26,41935.2000,3
RNH9,12:00:31,43180.8000,2
RNH9,12:00:32,43180.8000,1
RNH9,12:00:32,39859.2000,1
RNH9,12:01:19,39844.8000,2
RNH9,12:01:19,41506.0000,2
RNH9,12:01:19,40675.8800,2
RNH9,12:02:20,42755.3000,2
RNH9,12:02:20,41511.0000,2
RNH9,12:02:20,39850.5600,1
RNH9,12:02:21,39441.1500,1
RNH9,12:02:34,42763.5400,1
RNH9,12:03:10,39840.9600,1
RNH9,12:03:10,42331.0200,16
RNH9,12:03:10,41085.9900,1
RNH9,12:03:10,42331.0200,1
RNH9,12:03:10,41916.0100,1
RNH9,12:03:10,41085.9900,6
RNH9,12:03:10,42745.0000,1
RNH9,12:03:10,41500.0000,2
RNH9,12:03:10,43575.0000,3
RNH9,12:03:10,41500.0000,1
RNH9,12:03:10,42330.0000,1
RNH9,12:03:12,43160.0000,2
RNH9,12:03:14,39425.0000,5
RNH9,12:03:14,41915.0000,1
RNH9,12:03:14,43575.0000,3
RNH9,12:03:14,41915.0000,3
RNH9,12:03:14,40670.0000,2
RNH9,12:03:17,43575.0000,1
RNH9,12:03:18,43160.0000,1
RNH9,12:03:20,43160.0000,5
RNH9,12:03:20,40255.0000,4
RNH9,12:03:20,41085.0000,3
RNH9,12:03:20,41085.0000,2
RNH9,12:03:20,40255.0000,2
RNH9,12:03:21,43575.0000,4
RNH9,12:03:21,43160.0000,3
RNH9,12:03:21,41915.0000,2
RNH9,12:03:23,41085.0000,5
RNH9,12:03:23,42330.0000,4
RNH9,12:03:23,42745.0000,3
RNH9,12:03:23,43160.0000,2
RNH9,12:03:23,41500.0000,2
RNH9,12:03:27,42334.0800,2
RNH9,12:03:27,39428.8000,3
RNH9,12:03:37,39840.0000,1
RNH9,12:03:39,42746.0300,1
RNH9,12:03:42,40255.0000,1
RNH9,12:03:42,43160.0000,1
RNH9,12:03:42,42330.0000,2
RNH9,12:03:42,43575.0000,2
RNH9,12:03:42,40255.0000,5
RNH9,12:03:42,41915.0000,4
RNH9,12:03:42,42330.0000,3
RNH9,12:03:42,41085.0000,2
RNH9,12:03:42,41085.0000,2
RNH9,12:03:46,39425.0000,9
RNH9,12:03:46,39840.0000,1
RNH9,12:03:46,41915.0000,3
RNH9,12:03:46,41915.0000,2
RNH9,12:03:54,42746.0300,1
RNH9,12:03:57,39840.0000,3
RNH9,12:03:57,41085.0000,2
RNH9,12:03:57,39840.0000,2
RNH9,12:03:57,40255.9700,3
RNH9,12:03:57,42331.0200,1
RNH9,12:03:57,41085.9900,2
RNH9,12:04:00,39840.0000,4
RNH9,12:04:00,39425.0000,1
RNH9,12:04:00,42330.0000,1
RNH9,12:04:01,39425.0000,1
RNH9,12:04:01,41500.0000,8
RNH9,12:04:01,43575.0000,3
RNH9,12:04:01,42330.0000,1
RNH9,12:04:01,41915.0000,110
RNH9,12:04:01,40670.0000,3
RNH9,12:04:01,40670.0000,2
RNH9,12:04:01,41500.0000,1
RNH9,12:04:01,43580.2500,10
RNH9,12:04:01,41508.0000,5
RNH9,12:04:10,42332.0400,1
RNH9,12:04:10,43160.0000,15
RNH9,12:04:10,43160.0000,7
RNH9,12:04:11,43575.0000,2
RNH9,12:04:11,42330.0000,1
RNH9,12:05:33,43154.8000,1
RNH9,12:05:39,43154.8000,1
RNH9,12:05:39,41080.0500,1
RNH9,12:05:40,42324.9000,1
RNH9,12:05:47,43569.7500,3
RNH9,12:05:50,43557.1500,2
RNH9,12:05:50,40238.5100,2
RNH9,12:05:56,41078.0700,1
RNH9,12:06:12,40235.6000,2
RNH9,12:06:12,40650.4000,2
RNH9,12:06:12,42724.4000,1
RNH9,12:06:12,42309.6000,9
RNH9,12:06:12,43554.0000,9
RNH9,12:06:15,42724.4000,1
RNH9,12:06:18,43554.0000,1
RNH9,12:06:22,42309.6000,6
RNH9,12:06:25,41894.8000,1
RNH9,12:06:31,39406.0000,1
RNH9,12:06:32,40642.5600,1
RNH9,12:06:32,43127.7600,1
RNH9,12:06:56,41466.0000,4
RNH9,12:06:56,41876.6200,3
RNH9,12:06:56,39803.5200,7
RNH9,12:06:56,41874.6000,7
RNH9,12:06:56,41874.6000,4
RNH9,12:06:56,42703.8000,3
RNH9,12:06:56,41456.0000,5
RNH9,12:06:56,39792.0000,2
RNH9,12:06:56,41036.4900,2
RNH9,12:06:56,42694.5300,1
RNH9,12:06:56,42694.5300,2
RNH9,12:06:56,41456.0000,2
RNH9,12:06:56,43114.2400,2
RNH9,12:06:56,42285.1200,1
RNH9,12:06:56,40626.8800,1
RNH9,12:07:25,39782.4000,1
RNH9,12:07:30,40607.2800,2
RNH9,12:07:30,42679.0800,5
RNH9,12:07:30,39778.5600,2
RNH9,12:07:30,41021.6400,2
RNH9,12:07:30,41036.4900,5
RNH9,12:07:30,39383.2000,10
RNH9,12:07:45,39778.5600,1
RNH9,12:07:46,41850.3600,1
RNH9,12:07:46,41430.0000,1
RNH9,12:07:46,40608.2600,1
RNH9,12:07:55,40187.1000,1
RNH9,12:07:55,41838.2400,5
RNH9,12:07:55,39767.0400,1
RNH9,12:07:55,40181.2800,1
RNH9,12:07:55,41424.0000,1
RNH9,12:07:55,42666.7200,1
RNH9,12:07:55,42666.7200,2
RNH9,12:07:55,40595.5200,1
RNH9,12:07:55,41424.0000,1
RNH9,12:07:55,39352.8000,1
RNH9,12:07:55,43080.9600,1
RNH9,12:07:55,42252.4800,5
RNH9,12:07:55,41424.0000,1
RNH9,12:07:55,43492.0500,1
RNH9,12:07:55,40591.6000,1
RNH9,12:07:55,41418.0000,1
RNH9,12:08:00,40572.0000,2
RNH9,12:08:02,41410.0000,1
RNH9,12:08:10,43047.6800,1
RNH9,12:08:10,40978.0800,1
RNH9,12:08:10,42217.8000,2
RNH9,12:08:10,42629.6400,1
RNH9,12:08:26,39739.2000,1
RNH9,12:08:27,39334.7500,2
RNH9,12:08:31,39337.6000,1
RNH9,12:09:07,41805.9200,1
RNH9,12:09:21,40158.9700,1
RNH9,12:09:36,40986.0000,1
RNH9,12:09:49,42223.9200,1
RNH9,12:09:49,43465.8000,2
RNH9,12:09:52,39326.2000,1
RNH9,12:09:57,43051.8400,1
RNH9,12:10:08,39744.0000,3
RNH9,12:10:21,39717.1200,1
RNH9,12:10:21,41372.0000,2
RNH9,12:10:23,41785.7200,2
RNH9,12:10:23,41785.7200,2
RNH9,12:10:23,42199.4400,1
RNH9,12:10:23,43440.6000,2
RNH9,12:10:24,43025.8400,3
RNH9,12:10:24,41784.7100,2
RNH9,12:10:24,40543.5800,1
RNH9,12:10:31,42208.6200,4
RNH9,12:10:33,41795.8200,1
RNH9,12:10:37,41795.8200,1
RNH9,12:10:37,43451.1000,2
RNH9,12:10:37,42209.6400,2
RNH9,12:10:53,40145.3900,1
RNH9,12:10:54,43456.3500,2
RNH9,12:10:59,40973.1300,1
RNH9,12:11:44,42206.5800,2
RNH9,12:12:12,43045.6000,1
RNH9,12:12:25,40136.6600,5
RNH9,12:12:31,42621.4000,1
RNH9,12:13:12,39322.4000,4
RNH9,12:13:22,40552.4000,1
RNH9,12:13:54,42642.0000,1
RNH9,12:13:54,39312.9000,1
RNH9,12:13:54,43036.2400,1
RNH9,12:13:54,42207.6000,2
RNH9,12:13:54,40551.4200,2
RNH9,12:14:03,40569.0600,1
RNH9,12:14:17,41810.9700,1
RNH9,12:14:17,41810.9700,1
RNH9,12:14:27,43467.9000,1
RNH9,12:14:29,40986.0000,1
RNH9,12:14:31,43479.4500,1
RNH9,12:14:31,43479.4500,2
RNH9,12:15:01,41408.0000,1
RNH9,12:15:42,42260.6400,1
RNH9,12:15:42,41017.6800,1
RNH9,12:15:44,41855.4100,1
RNH9,12:16:07,40658.2400,2
RNH9,12:16:13,40670.0000,1
RNH9,12:16:16,39844.8000,1
RNH9,12:16:16,40675.8800,2
RNH9,12:16:21,41499.0000,1
RNH9,12:16:21,40255.0000,1
RNH9,12:16:32,40255.9700,1
RNH9,12:16:36,41094.9000,1
RNH9,12:16:52,41095.8900,1
RNH9,12:17:06,43597.0500,1
RNH9,12:17:06,43182.8800,1
RNH9,12:17:21,40701.3600,1
RNH9,12:17:23,41128.5600,5
RNH9,12:17:23,43205.7600,2
RNH9,12:17:23,41959.4400,8
RNH9,12:17:25,39469.6500,1
RNH9,12:17:25,42793.4100,1
RNH9,12:17:25,43624.3500,2
RNH9,12:17:25,40716.0600,2
RNH9,12:17:25,43208.8800,1
RNH9,12:17:25,40716.0600,1
RNH9,12:17:25,40300.5900,1
RNH9,12:17:26,40716.0600,16
RNH9,12:17:31,40300.5900,2
RNH9,12:17:40,40723.9000,1
RNH9,12:17:40,39477.2500,14
RNH9,12:17:40,40724.8800,1
RNH9,12:17:41,39466.8000,1
RNH9,12:17:41,41984.6900,3
RNH9,12:17:41,43647.4500,1
RNH9,12:17:41,42816.0700,1
RNH9,12:17:44,41569.0000,2
RNH9,12:17:44,43231.7600,13
RNH9,12:17:45,39475.3500,2
RNH9,12:17:46,41967.5200,3
RNH9,12:17:47,43214.0800,1
RNH9,12:17:47,39474.4000,1
RNH9,12:19:12,41540.0000,1
RNH9,12:19:12,41540.0000,4
RNH9,12:19:12,42370.8000,6
RNH9,12:19:12,43615.9500,1
RNH9,12:19:13,40288.9500,2
RNH9,12:19:13,41950.3500,1
RNH9,12:19:13,39458.2500,7
RNH9,12:19:24,40288.9500,2
RNH9,12:19:25,42782.0800,1
RNH9,12:20:44,41940.2500,1
RNH9,12:23:02,42370.8000,5
RNH9,12:23:02,42370.8000,5
RNH9,12:23:02,42370.8000,3
RNH9,12:23:03,43618.0500,2
RNH9,12:23:09,42787.2300,1
RNH9,12:23:14,42787.2300,5
RNH9,12:23:14,42372.8400,6
RNH9,12:23:14,40710.1800,3
RNH9,12:23:18,39464.9000,1
RNH9,12:23:18,40711.1600,1
RNH9,12:23:18,41542.0000,1
RNH9,12:23:18,40295.7400,1
RNH9,12:23:22,39879.3600,1
RNH9,12:23:22,40709.2000,1
RNH9,12:23:34,39463.0000,1
RNH9,12:23:34,42370.8000,1
RNH9,12:23:57,43206.8000,1
RNH9,12:24:13,43636.9500,3
RNH9,12:24:13,40312.2300,10
RNH9,12:24:13,43221.3600,2
RNH9,12:24:33,40313.2000,2
RNH9,12:24:43,39900.4800,1
RNH9,12:24:43,43641.1500,1
RNH9,12:24:46,40320.9600,1
RNH9,12:24:46,42400.3800,12
RNH9,12:24:46,41986.7100,1
RNH9,12:24:46,39502.9000,5
RNH9,12:24:46,39930.2400,1
RNH9,12:24:46,39931.2000,1
RNH9,12:24:46,41597.0000,1
RNH9,12:24:46,40767.0200,4
RNH9,12:24:46,42014.9900,1
RNH9,12:24:46,42432.0000,1
RNH9,12:24:47,41201.8200,5
RNH9,12:24:47,39955.2000,3
RNH9,12:24:47,40787.6000,3
RNH9,12:24:47,43701.0000,6
RNH9,12:24:47,41620.0000,1
RNH9,12:24:47,40371.4000,2
RNH9,12:24:47,41622.0000,7
RNH9,12:24:47,43290.0000,1
RNH9,12:24:47,43284.8000,1
RNH9,12:24:47,40787.6000,3
RNH9,12:24:47,43701.0000,1
RNH9,12:24:47,41203.8000,1
RNH9,12:24:47,41620.0000,1
RNH9,12:24:47,41203.8000,1
RNH9,12:24:48,40788.5800,1
RNH9,12:24:48,43701.0000,1
RNH9,12:24:48,42036.2000,1
RNH9,12:24:48,42868.6000,1
RNH9,12:24:48,39539.9500,5
RNH9,12:24:49,43285.8400,1
RNH9,12:24:55,40801.3200,1
RNH9,12:24:55,42467.7000,1
RNH9,12:24:55,42467.7000,1
RNH9,12:24:55,39555.1500,2
RNH9,12:24:56,40805.2400,1
RNH9,12:24:56,42055.3900,1
RNH9,12:24:56,41639.0000,2
RNH9,12:24:56,40811.1200,10
RNH9,12:24:56,43310.8000,1
RNH9,12:24:56,39974.4000,6
RNH9,12:24:56,39975.3600,1
RNH9,12:24:56,39977.2800,1
RNH9,12:25:00,42466.6800,1
RNH9,12:25:00,43716.7500,1
RNH9,12:25:00,41635.0000,2
RNH9,12:25:01,39553.2500,2
RNH9,12:25:08,40372.3700,1
RNH9,12:25:10,41204.7900,1
RNH9,12:25:10,42452.4000,2
RNH9,12:25:28,39940.8000,1
RNH9,12:25:30,43688.4000,1
RNH9,12:25:34,41191.9200,5
RNH9,12:25:38,43281.6800,1
RNH9,12:25:40,43680.0000,1
RNH9,12:25:46,41186.9700,1
RNH9,12:25:51,42433.0200,1
RNH9,12:25:52,39936.0000,1
RNH9,12:26:08,42440.1600,3
RNH9,12:26:08,42440.1600,2
RNH9,12:26:08,42440.1600,4
RNH9,12:26:08,42441.1800,1
RNH9,12:26:08,42024.0800,3
RNH9,12:26:08,42025.0900,3
RNH9,12:26:08,42856.2400,1
RNH9,12:26:14,40776.8200,5
RNH9,12:26:18,39961.9200,3
RNH9,12:26:18,42875.8100,3
RNH9,12:26:18,41630.0000,10
RNH9,12:26:18,43295.2000,2
RNH9,12:26:38,42027.1100,1
RNH9,12:26:38,42858.3000,1
RNH9,12:26:38,43688.4000,2
RNH9,12:26:38,40771.9200,1
RNH9,12:26:47,39546.6000,1
RNH9,12:26:47,41211.7200,2
RNH9,12:26:47,42877.8700,3
RNH9,12:26:47,40380.1300,1
RNH9,12:26:47,41630.0000,1
RNH9,12:26:47,43295.2000,3
RNH9,12:26:47,40801.3200,7
RNH9,12:26:47,42466.6800,7
RNH9,12:27:12,43709.4000,1
RNH9,12:27:12,42876.8400,1
RNH9,12:27:12,42046.3000,1
RNH9,12:27:12,41213.7000,2
RNH9,12:27:26,43285.8400,4
RNH9,12:27:26,40788.5800,3
RNH9,12:27:26,40792.5000,2
RNH9,12:27:26,41625.0000,1
RNH9,12:27:26,43706.2500,4
RNH9,12:27:26,43290.0000,7
RNH9,12:27:26,39543.7500,6
RNH9,12:27:26,42041.2500,1
RNH9,12:27:38,40792.5000,1
RNH9,12:27:38,42873.7500,6
RNH9,12:28:00,43693.6500,1
RNH9,12:28:00,39947.5200,2
RNH9,12:28:00,42444.2400,3
RNH9,12:28:00,40779.7600,1
RNH9,12:28:00,39942.7200,8
RNH9,12:28:05,40361.7000,1
RNH9,12:28:05,42858.3000,8
RNH9,12:28:05,41193.9000,3
RNH9,12:28:05,39945.6000,1
RNH9,12:28:05,40361.7000,3
RNH9,12:28:05,43690.5000,2
RNH9,12:28:05,43274.4000,5
RNH9,12:28:05,39945.6000,110
RNH9,12:28:05,43690.5000,2
RNH9,12:28:05,41193.9000,2
RNH9,12:28:05,42026.1000,4
RNH9,12:28:05,41193.9000,2
RNH9,12:28:05,43690.5000,2
RNH9,12:28:05,40361.7000,10
RNH9,12:28:05,40778.7800,1
RNH9,12:28:06,39530.4500,1
RNH9,12:28:06,39938.8800,1
RNH9,12:28:06,42018.0200,2
RNH9,12:28:06,42016.0000,6
RNH9,12:30:16,43265.0400,1
RNH9,12:30:17,42014.9900,1
RNH9,12:31:42,40767.0200,1
RNH9,12:31:42,40350.0600,2
RNH9,12:31:42,42428.9400,7
RNH9,12:31:42,41181.0300,1
RNH9,12:31:42,42844.9100,1
RNH9,12:32:14,43673.7000,1
RNH9,12:32:30,39936.0000,1
RNH9,12:33:27,42842.8500,2
RNH9,12:35:17,43274.4000,2
RNH9,12:35:18,39536.1500,1
RNH9,12:35:26,42866.5400,2
RNH9,12:35:26,39529.5000,1
RNH9,12:35:27,39945.6000,1
RNH9,12:35:27,40361.7000,1
RNH9,12:35:28,39529.5000,1
RNH9,12:35:57,42864.4800,2
RNH9,12:36:42,40355.8800,2
RNH9,12:36:49,42865.5100,7
RNH9,12:36:51,42861.3900,4
RNH9,12:37:49,42867.5700,1
RNH9,12:37:53,39954.2400,6
RNH9,12:37:55,42036.2000,1
RNH9,12:37:55,43704.1500,4
RNH9,12:37:57,39542.8000,3
RNH9,12:37:57,41207.7600,3
RNH9,12:38:19,39963.8400,3
RNH9,12:38:32,39968.6400,1
RNH9,12:38:32,41634.0000,4
RNH9,12:38:32,39968.6400,2
RNH9,12:39:25,39975.3600,5
RNH9,12:40:09,40390.8000,1
RNH9,12:40:10,41223.6000,2
RNH9,12:40:10,41223.6000,1
RNH9,12:40:10,39974.4000,10
RNH9,12:40:10,42052.3600,1
RNH9,12:40:16,41228.5500,1
RNH9,12:40:21,39970.5600,1
RNH9,12:40:23,42061.4500,5
RNH9,12:40:31,43303.5200,2
RNH9,12:40:31,42887.1400,1
RNH9,12:41:53,41203.8000,1
RNH9,12:41:53,42868.6000,10
RNH9,12:41:53,42868.6000,10
RNH9,12:42:34,42877.8700,2
RNH9,12:43:08,41212.7100,3
RNH9,12:45:02,41203.8000,10
RNH9,12:45:02,41620.0000,10
RNH9,12:46:08,40369.4600,4
RNH9,12:46:09,40782.7000,1
RNH9,12:46:14,42443.2200,1
RNH9,12:46:15,39530.4500,7
RNH9,12:46:17,40758.2000,2
RNH9,12:47:29,42404.4600,1
RNH9,12:47:29,43214.0800,2
RNH9,12:47:29,39482.0000,6
RNH9,12:47:34,43223.4400,1
RNH9,12:47:38,42393.2400,1
RNH9,12:48:14,40720.9600,1
RNH9,12:48:26,39472.5000,2
RNH9,12:48:26,40303.5000,2
RNH9,12:48:32,42381.0000,1
RNH9,12:48:33,40719.0000,1
RNH9,12:48:54,41550.0000,1
RNH9,12:48:54,40303.5000,1
RNH9,12:48:54,43212.0000,12
RNH9,12:49:03,39471.5500,6
RNH9,12:49:58,41119.6500,6
RNH9,12:50:02,40704.3000,7
RNH9,12:50:02,42365.7000,1
RNH9,12:50:02,40704.3000,1
RNH9,12:50:02,39458.2500,1
RNH9,12:50:02,39458.2500,1
RNH9,12:50:02,40288.9500,1
RNH9,12:50:02,43611.7500,2
RNH9,12:50:02,41535.0000,2
RNH9,12:50:02,41119.6500,8
RNH9,12:50:03,39859.2000,3
RNH9,12:50:50,43597.0500,1
RNH9,12:51:01,43208.8800,1
RNH9,12:52:06,40298.6500,1
RNH9,12:52:32,40274.4000,1
RNH9,12:52:40,43180.8000,1
RNH9,12:53:42,43180.8000,1
RNH9,12:53:58,40689.6000,3
RNH9,12:54:29,41935.2000,1
RNH9,12:55:17,42350.4000,1
RNH9,12:56:34,43180.8000,10
RNH9,12:56:55,43584.4500,1
RNH9,12:56:55,39432.6000,1
RNH9,12:56:55,41503.0000,2
RNH9,12:56:55,40256.9400,1
RNH9,12:57:10,43575.0000,5
RNH9,12:57:22,39850.5600,1
RNH9,12:57:23,43161.0400,1
RNH9,12:57:23,40255.0000,4
RNH9,12:57:30,40255.0000,1
RNH9,12:57:30,40255.0000,16
RNH9,12:57:30,42745.0000,2
RNH9,12:57:30,40255.0000,2
RNH9,12:58:12,41085.0000,5
RNH9,12:58:57,42755.3000,2
RNH9,12:58:57,40268.5800,1
RNH9,12:59:13,39840.0000,1
RNH9,12:59:14,39422.1500,1
RNH9,12:59:14,42322.8600,1
RNH9,12:59:16,41061.2400,7
RNH9,12:59:17,42298.3800,1
RNH9,12:59:21,41864.5000,1
RNH9,12:59:22,39377.5000,1
RNH9,12:59:33,43108.0000,3
RNH9,12:59:53,41864.5000,4
RNH9,12:59:53,42279.0000,13
RNH9,12:59:53,40206.5000,5
RNH9,12:59:57,41448.0000,1
RNH9,12:59:57,40208.4400,1
RNH9,13:00:18,41874.6000,1
RNH9,13:00:18,39387.0000,5
RNH9,13:01:00,41452.0000,2
RNH9,13:01:00,41451.0000,1
RNH9,13:01:00,43522.5000,1
RNH9,13:01:00,43521.4500,5
RNH9,13:01:08,41478.0000,1
RNH9,13:01:08,41892.7800,1
RNH9,13:01:16,43524.6000,2
RNH9,13:01:16,39793.9200,1
RNH9,13:01:16,42280.0200,1
RNH9,13:01:16,41034.5100,1
RNH9,13:01:41,43135.0400,1
RNH9,13:01:41,40231.7200,1
RNH9,13:01:45,42720.2800,1
RNH9,13:01:45,41062.2300,1
RNH9,13:01:53,43124.6400,1
RNH9,13:01:53,41466.0000,2
RNH9,13:01:53,40221.0500,1
RNH9,13:01:53,43123.6000,4
RNH9,13:01:53,39390.8000,7
RNH9,13:02:59,39417.4000,2
RNH9,13:02:59,41077.0800,1
RNH9,13:04:48,39859.2000,10
RNH9,13:05:56,41520.0000,2
RNH9,13:06:53,39848.6400,1
RNH9,13:06:53,40678.8200,2
RNH9,13:06:53,41509.0000,7
RNH9,13:06:53,41930.1500,1
RNH9,13:07:34,42765.6000,3
RNH9,13:07:44,43193.2800,2
RNH9,13:07:44,41534.0000,1
RNH9,13:07:46,42359.5800,1
RNH9,13:07:54,42359.5800,1
RNH9,13:08:41,41948.3300,1
RNH9,13:09:49,39445.9000,4
RNH9,13:09:49,42350.4000,4
RNH9,13:09:49,43176.6400,7
RNH9,13:09:49,42759.4200,7
RNH9,13:11:31,43609.6500,1
RNH9,13:12:08,39456.3500,1
RNH9,13:12:08,41948.3300,1
RNH9,13:12:08,43609.6500,2
RNH9,13:12:34,42754.2700,1
RNH9,13:12:34,39848.6400,2
RNH9,13:12:34,41923.0800,5
RNH9,13:13:19,42753.2400,5
RNH9,13:13:47,40673.9200,1
RNH9,13:13:57,42759.4200,2
RNH9,13:13:57,42759.4200,2
RNH9,13:14:35,42348.3600,1
RNH9,13:14:45,43160.0000,1
RNH9,13:15:26,43555.0500,1
RNH9,13:15:26,43554.0000,1
RNH9,13:16:07,43558.2000,5
RNH9,13:16:07,41069.1600,1
RNH9,13:16:07,42728.5200,1
RNH9,13:16:07,42313.6800,1
RNH9,13:16:07,41898.8400,18
RNH9,13:16:07,42728.5200,1
RNH9,13:16:07,43558.2000,1
RNH9,13:16:07,41069.1600,19
RNH9,13:16:07,40654.3200,3
RNH9,13:16:24,41048.3700,9
RNH9,13:17:05,43132.9600,1
RNH9,13:17:08,41060.2500,2
RNH9,13:17:40,42314.7000,3
RNH9,13:18:32,39390.8000,1
RNH9,13:18:47,41459.0000,1
RNH9,13:18:47,40215.2300,8
RNH9,13:18:53,42287.1600,5
RNH9,13:19:46,41454.0000,1
RNH9,13:19:48,40204.5600,4
RNH9,13:19:48,41447.0000,1
RNH9,13:19:48,43104.8800,1
RNH9,13:19:48,42273.9000,3
RNH9,13:19:48,41030.5500,2
RNH9,13:19:48,41030.5500,1
RNH9,13:19:48,42688.3500,1
RNH9,13:19:48,41030.5500,1
RNH9,13:19:48,43517.2500,1
RNH9,13:19:48,41445.0000,1
RNH9,13:19:48,39372.7500,1
RNH9,13:20:21,40212.3200,2
RNH9,13:20:21,40626.8800,14
RNH9,13:20:54,41035.5000,2
RNH9,13:20:54,42693.5000,1
RNH9,13:20:54,39376.5500,2
RNH9,13:20:54,41447.0000,35
RNH9,13:20:54,43519.3500,1
RNH9,13:20:54,40203.5900,1
RNH9,13:20:57,43519.3500,1
RNH9,13:21:03,42274.9200,2
RNH9,13:21:05,41854.4000,2
RNH9,13:21:08,42690.4100,1
RNH9,13:21:12,39374.6500,1
RNH9,13:21:16,42275.9400,1
RNH9,13:21:24,41447.0000,1
RNH9,13:21:24,43519.3500,1
RNH9,13:21:24,39374.6500,1
RNH9,13:21:24,43519.3500,1
RNH9,13:21:24,39374.6500,4
RNH9,13:21:24,42275.9400,1
RNH9,13:21:36,43104.8800,4
RNH9,13:21:36,40618.0600,4
RNH9,13:21:37,42275.9400,4
RNH9,13:21:37,41032.5300,2
RNH9,13:22:06,41864.5000,1
RNH9,13:23:31,39803.5200,1
RNH9,13:23:35,41451.0000,2
RNH9,13:23:35,39792.0000,10
RNH9,13:23:35,43521.4500,2
RNH9,13:23:43,39804.4800,5
RNH9,13:23:43,41877.6300,5
RNH9,13:23:57,41876.6200,2
RNH9,13:23:57,43120.4800,3
RNH9,13:26:35,40246.2700,2
RNH9,13:26:35,40662.1600,3
RNH9,13:26:35,39832.3200,1
RNH9,13:26:53,42726.4600,1
RNH9,13:26:53,43556.1000,10
RNH9,13:29:00,43132.9600,4
RNH9,13:29:00,41057.2800,1
RNH9,13:33:10,41067.1800,1
RNH9,13:33:17,41478.0000,2
RNH9,13:33:17,41892.7800,1
RNH9,13:36:04,42721.3100,2
RNH9,13:36:31,41891.7700,1
RNH9,13:37:31,43566.6000,2
RNH9,13:37:32,39417.4000,1
RNH9,13:40:05,41068.1700,3
RNH9,13:40:10,42724.4000,4
RNH9,13:41:33,43138.1600,1
RNH9,13:42:47,40227.8400,2
RNH9,13:43:01,39813.1200,1
RNH9,13:43:01,39813.1200,3
RNH9,13:46:25,39832.3200,4
RNH9,13:46:26,41906.9200,1
RNH9,13:46:26,40247.2400,1
RNH9,13:46:26,43151.6800,1
RNH9,13:46:55,41481.0000,2
RNH9,13:46:55,43140.2400,1
RNH9,13:48:28,40228.8100,1
RNH9,13:48:28,40228.8100,1
RNH9,13:48:58,43138.1600,1
RNH9,13:49:01,43551.9000,1
RNH9,13:49:30,43137.1200,1
RNH9,13:52:25,41057.2800,2
RNH9,13:52:25,41472.0000,3
RNH9,13:52:27,40632.7600,2
RNH9,13:52:27,40218.1400,1
RNH9,13:52:27,40632.7600,2
RNH9,13:52:41,41871.5700,3
RNH9,13:52:41,41871.5700,2
RNH9,13:52:43,42277.9800,2
RNH9,13:52:46,42693.5000,1
RNH9,13:53:32,43519.3500,1
RNH9,13:53:32,43105.9200,1
RNH9,13:53:32,43534.0500,1
RNH9,13:53:32,41887.7300,1
RNH9,13:53:32,40644.5200,23
RNH9,13:53:32,43131.9200,1
RNH9,13:53:33,40241.4200,1
RNH9,13:53:33,41068.1700,2
RNH9,13:53:36,43141.2800,1
RNH9,13:54:50,40218.1400,1
RNH9,13:54:50,42707.9200,1
RNH9,13:54:50,40638.6400,1
RNH9,13:55:05,41472.0000,3
RNH9,13:56:58,43131.9200,5
RNH9,13:56:58,42302.4600,1
RNH9,13:56:58,41473.0000,1
RNH9,13:57:02,43546.6500,1
RNH9,13:57:05,43131.9200,4
RNH9,13:57:06,43546.6500,2
RNH9,13:57:06,42717.1900,1
RNH9,13:59:00,39807.3600,1
RNH9,13:59:51,40233.6600,1
RNH9,13:59:55,39817.9200,1
RNH9,13:59:55,39817.9200,1
RNH9,13:59:55,40232.6900,1
RNH9,13:59:55,40647.4600,1
RNH9,13:59:56,43545.6000,1
RNH9,13:59:56,39813.1200,1
RNH9,13:59:56,42716.1600,1
RNH9,13:59:56,42301.4400,1
RNH9,14:05:00,41478.0000,1
RNH9,14:05:00,39833.2800,10
RNH9,14:05:01,40663.1400,1
RNH9,14:05:01,40248.2100,1
RNH9,14:05:01,40248.2100,4
RNH9,14:05:01,43152.7200,3
RNH9,14:05:01,39833.2800,3
RNH9,14:05:01,42737.7900,2
RNH9,14:05:01,41907.9300,2
RNH9,14:05:01,41493.0000,1
RNH9,14:05:01,41907.9300,1
RNH9,14:05:01,40663.1400,1
RNH9,14:05:01,41907.9300,3
RNH9,14:05:01,42737.7900,1
RNH9,14:05:01,43152.7200,1
RNH9,14:05:01,41078.0700,1
RNH9,14:05:01,40248.2100,1
RNH9,14:05:02,43152.7200,1
RNH9,14:05:02,42322.8600,1
RNH9,14:05:02,39833.2800,1
RNH9,14:05:05,39418.3500,1
RNH9,14:05:05,40249.1800,1
RNH9,14:05:05,39834.2400,5
RNH9,14:05:05,43153.7600,5
RNH9,14:05:14,39837.1200,5
RNH9,14:05:14,43569.7500,4
RNH9,14:05:14,39835.2000,4
RNH9,14:05:14,40665.1000,1
RNH9,14:05:14,39836.1600,1
RNH9,14:05:14,42740.8800,1
RNH9,14:05:16,43573.9500,1
RNH9,14:05:16,40254.0300,20
RNH9,14:05:20,42743.9700,4
RNH9,14:05:20,41913.9900,3
RNH9,14:05:21,43570.8000,3
RNH9,14:05:21,39411.7000,5
RNH9,14:05:45,41913.9900,3
RNH9,14:05:55,42727.4900,3
RNH9,14:06:08,43158.9600,1
RNH9,14:06:08,39425.0000,2
RNH9,14:06:26,41085.0000,9
RNH9,14:06:26,41085.0000,9
RNH9,14:06:26,41915.0000,1
RNH9,14:06:26,43160.0000,1
RNH9,14:06:26,39425.0000,1
RNH9,14:06:26,41085.0000,1
RNH9,14:06:26,42745.0000,1
RNH9,14:06:33,41507.0000,1
RNH9,14:06:58,40679.8000,1
RNH9,14:07:02,39840.0000,4
RNH9,14:07:02,43160.0000,11
RNH9,14:07:23,39434.5000,1
RNH9,14:07:40,40679.8000,3
RNH9,14:07:40,40267.6100,1
RNH9,14:07:44,41097.8700,1
RNH9,14:07:52,39430.7000,2
RNH9,14:08:12,41511.0000,1
RNH9,14:08:13,43576.0500,3
RNH9,14:08:26,43161.0400,12
RNH9,14:08:26,40259.8500,3
RNH9,14:08:41,42755.3000,1
RNH9,14:09:06,41915.0000,2
RNH9,14:09:07,40252.0900,5
RNH9,14:09:07,41911.9700,1
RNH9,14:09:07,43570.8000,3
RNH9,14:09:07,40246.2700,2
RNH9,14:09:09,43150.6400,1
RNH9,14:09:09,41905.9100,1
RNH9,14:09:18,42741.9100,4
RNH9,14:09:23,41082.0300,4
RNH9,14:09:23,39422.1500,1
RNH9,14:09:23,39836.1600,1
RNH9,14:09:24,39837.1200,1
RNH9,14:10:28,41916.0100,4
RNH9,14:10:35,41085.9900,2
RNH9,14:10:43,42324.9000,2
RNH9,14:10:43,40245.3000,2
RNH9,14:10:43,40660.2000,2
RNH9,14:10:43,40660.2000,1
RNH9,14:10:55,40230.7500,5
RNH9,14:10:55,43134.0000,2
RNH9,14:10:55,43134.0000,6
RNH9,14:14:24,43171.4400,2
RNH9,14:14:35,43587.6000,1
RNH9,14:14:35,39436.4000,1
RNH9,14:15:03,40675.8800,3
RNH9,14:15:34,43575.0000,1
RNH9,14:15:54,39840.0000,4
RNH9,14:20:56,43569.7500,1
RNH9,14:20:56,41495.0000,2
RNH9,14:25:14,41888.7400,1
RNH9,14:25:20,43121.5200,1
RNH9,14:25:20,40219.1100,1
RNH9,14:25:20,42706.8900,1
RNH9,14:25:32,43544.5500,1
RNH9,14:25:34,39792.9600,1
RNH9,14:25:36,42695.5600,1
RNH9,14:25:48,39377.5000,1
RNH9,14:27:45,39377.5000,1
RNH9,14:27:45,40201.6500,20
RNH9,14:27:45,41849.3500,1
RNH9,14:27:45,39775.6800,1
RNH9,14:27:46,42271.8600,1
RNH9,14:27:46,41029.5600,1
RNH9,14:27:46,39372.7500,2
RNH9,14:27:46,39374.6500,2
RNH9,14:27:46,41043.4200,4
RNH9,14:27:58,43105.9200,1
RNH9,14:28:41,40199.7100,1
RNH9,14:28:41,42269.8200,1
RNH9,14:28:41,41435.0000,2
RNH9,14:28:41,41016.6900,1
RNH9,14:28:52,40178.3700,1
RNH9,14:28:53,43481.5500,2
RNH9,14:28:53,41823.0900,1
RNH9,14:28:53,40993.9200,2
RNH9,14:28:53,39748.8000,11
RNH9,14:28:53,42233.1000,50
RNH9,14:28:53,41427.0000,1
RNH9,14:28:53,40184.1900,2
RNH9,14:28:53,41011.7400,1
RNH9,14:28:58,41826.1200,2
RNH9,14:28:58,40581.8000,4
RNH9,14:29:07,40161.8800,1
RNH9,14:29:07,43056.0000,1
RNH9,14:29:08,40981.0500,1
RNH9,14:29:23,43492.0500,1
RNH9,14:29:23,42667.7500,1
RNH9,14:29:23,40603.3600,1
RNH9,14:29:37,42680.1100,2
RNH9,14:29:37,42680.1100,18
RNH9,14:29:53,40195.8300,1
RNH9,14:30:17,39803.5200,1
RNH9,14:30:17,43120.4800,1
RNH9,14:30:17,41462.0000,1
RNH9,14:30:17,43123.6000,1
RNH9,14:30:17,41879.6500,4
RNH9,14:30:17,40221.0500,2
RNH9,14:30:17,43123.6000,1
RNH9,14:30:17,43542.4500,7
RNH9,14:30:17,39395.5500,7
RNH9,14:30:17,41054.3100,7
RNH9,14:30:17,43542.4500,4
RNH9,14:30:17,39395.5500,2
RNH9,14:30:17,40224.9300,1
RNH9,14:30:17,39812.1600,1
RNH9,14:30:17,41056.2900,1
RNH9,14:30:17,41470.0000,1
RNH9,14:33:45,39396.5000,1
RNH9,14:34:18,43149.6000,1
RNH9,14:34:39,41061.2400,1
RNH9,14:35:22,42315.7200,1
RNH9,14:36:11,39825.6000,1
RNH9,14:38:24,43566.6000,2
RNH9,14:38:24,40662.1600,4
RNH9,14:38:24,41485.0000,8
RNH9,14:38:24,40240.4500,8
RNH9,14:38:24,43144.4000,9
RNH9,14:38:24,42314.7000,1
RNH9,14:38:24,41070.1500,2
RNH9,14:38:24,41070.1500,14
RNH9,14:38:24,41485.0000,3
RNH9,14:40:12,41064.2100,3
RNH9,14:40:12,41884.7000,1
RNH9,14:40:12,43542.4500,5
RNH9,14:40:12,40639.6200,2
RNH9,14:40:12,39390.8000,2
RNH9,14:40:12,39387.0000,20
RNH9,14:40:12,39798.7200,57
RNH9,14:40:33,41043.4200,1
RNH9,14:40:38,41468.0000,1
RNH9,14:41:03,41468.0000,1
RNH9,14:41:51,42713.0700,1
RNH9,14:41:51,41470.0000,2
RNH9,14:42:23,40655.3000,1
RNH9,14:42:23,40656.2800,1
RNH9,14:42:23,40242.3900,2
RNH9,14:42:23,43146.4800,1
RNH9,14:43:43,41900.8600,1
RNH9,14:43:43,41071.1400,1
RNH9,14:43:43,41902.8800,1
RNH9,14:43:43,43561.3500,1
RNH9,14:44:00,40223.9600,1
RNH9,14:44:00,42712.0400,1
RNH9,14:46:27,39846.7200,1
RNH9,14:47:20,41909.9500,3
RNH9,14:48:15,39850.5600,1
RNH9,14:49:57,41095.8900,1
RNH9,14:49:58,42756.3300,1
RNH9,14:49:58,43588.6500,1
RNH9,14:49:58,42758.3900,1
RNH9,14:50:39,42758.3900,1
RNH9,14:51:56,41513.0000,2
RNH9,14:53:48,42340.2000,20
RNH9,14:53:48,42751.1800,1
RNH9,14:53:48,39845.7600,2
RNH9,14:53:48,40255.0000,10
RNH9,14:55:15,41088.9600,1
RNH9,14:55:15,39843.8400,2
RNH9,14:55:15,40673.9200,3
RNH9,14:58:20,39813.1200,3
RNH9,14:58:20,42295.3200,3
RNH9,14:58:21,40222.9900,5
RNH9,14:58:21,39393.6500,7
RNH9,14:58:21,42711.0100,7
RNH9,14:58:21,42296.3400,7
RNH9,14:58:22,41471.0000,1
RNH9,14:58:49,41875.6100,4
RNH9,14:58:50,40216.2000,1
RNH9,14:58:57,42705.8600,1
RNH9,14:58:57,41875.6100,1
RNH9,14:58:58,42316.7400,1
RNH9,14:59:27,41470.0000,1
RNH9,15:00:37,42315.7200,1
RNH9,15:01:10,41890.7600,4
RNH9,15:01:13,40224.9300,2
RNH9,15:01:35,41881.6700,1
RNH9,15:01:35,40638.6400,1
RNH9,15:01:35,41468.0000,1
RNH9,15:01:37,42713.0700,1
RNH9,15:01:37,42299.4000,1
RNH9,15:02:02,42284.1000,1
RNH9,15:02:03,42284.1000,1
RNH9,15:02:12,40221.0500,1
RNH9,15:02:12,43539.3000,1
RNH9,15:02:12,41052.3300,1
RNH9,15:02:12,43124.6400,1
RNH9,15:02:40,39407.9000,1
RNH9,15:02:41,39420.2500,5
RNH9,15:02:41,43148.5600,1
RNH9,15:02:48,40652.3600,1
RNH9,15:02:48,40649.4200,5
RNH9,15:02:50,40236.5700,1
RNH9,15:02:54,39806.4000,1
RNH9,15:03:03,40637.6600,6
RNH9,15:03:03,43540.3500,7
RNH9,15:03:03,39393.6500,7
RNH9,15:03:35,39400.3000,2
RNH9,15:03:39,40644.5200,1
RNH9,15:03:44,39815.0400,4
RNH9,15:03:44,41059.2600,3
RNH9,15:03:44,41059.2600,4
RNH9,15:03:44,41059.2600,3
RNH9,15:03:44,43547.7000,1
RNH9,15:03:44,41474.0000,1
RNH9,15:03:44,40229.7800,2
RNH9,15:03:44,42718.2200,7
RNH9,15:03:44,42307.5600,7
RNH9,15:03:44,42722.3400,7
RNH9,15:03:44,40648.4400,7
RNH9,15:03:44,43551.9000,6
RNH9,15:05:01,40650.4000,6
RNH9,15:05:10,39815.0400,1
RNH9,15:05:16,40666.0800,1
RNH9,15:05:16,39837.1200,1
RNH9,15:05:16,41912.9800,1
RNH9,15:05:37,43573.9500,1
RNH9,15:05:37,41918.0300,2
RNH9,15:05:52,41088.9600,2
RNH9,15:05:55,41919.0400,1
RNH9,15:06:03,40258.8800,3
RNH9,15:06:19,39420.2500,2
RNH9,15:06:19,41904.9000,4
RNH9,15:06:19,41489.0000,5
RNH9,15:06:21,41073.1200,5
RNH9,15:07:00,41080.0500,1
RNH9,15:07:00,39420.2500,1
RNH9,15:07:00,41079.0600,1
RNH9,15:07:00,40665.1000,2
RNH9,15:07:01,43573.9500,1
RNH9,15:07:23,41504.0000,1
RNH9,15:07:23,40258.8800,1
RNH9,15:07:23,42334.0800,1
RNH9,15:07:23,40258.8800,2
RNH9,15:07:24,39428.8000,1
RNH9,15:07:29,41504.0000,1
RNH9,15:07:29,42334.0800,1
RNH9,15:07:29,42749.1200,1
RNH9,15:07:29,40258.8800,1
RNH9,15:07:37,42334.0800,1
RNH9,15:07:37,43578.1500,1
RNH9,15:07:37,40672.9400,4
RNH9,15:07:39,42333.0600,1
RNH9,15:07:39,41503.0000,1
RNH9,15:07:42,42332.0400,5
RNH9,15:07:46,40671.9600,5
RNH9,15:07:46,43162.0800,1
RNH9,15:07:46,41917.0200,3
RNH9,15:07:46,41502.0000,1
RNH9,15:07:46,39840.9600,1
RNH9,15:07:46,42746.0300,1
RNH9,15:07:46,43579.2000,2
RNH9,15:07:48,41501.0000,2
RNH9,15:07:49,40673.9200,24
RNH9,15:07:49,41504.0000,7
RNH9,15:07:49,40266.6400,1
RNH9,15:07:49,43173.5200,18
RNH9,15:07:49,43179.7600,1
RNH9,15:07:49,41114.7000,1
RNH9,15:07:49,42349.3800,5
RNH9,15:07:49,39443.0500,3
RNH9,15:07:49,43179.7600,3
RNH9,15:07:49,43175.6000,1
RNH9,15:07:49,43594.9500,3
RNH9,15:07:49,40688.6200,3
RNH9,15:07:49,39442.1000,3
RNH9,15:07:49,39442.1000,3
RNH9,15:07:49,42348.3600,1
RNH9,15:08:02,39862.0800,1
RNH9,15:08:08,40286.0400,2
RNH9,15:08:23,41124.6000,1
RNH9,15:08:32,41114.7000,1
RNH9,15:08:42,39868.8000,1
RNH9,15:08:53,41124.6000,1
RNH9,15:09:29,39867.8400,2
RNH9,15:09:29,40275.3700,2
RNH9,15:09:29,40275.3700,4
RNH9,15:09:34,41967.5200,4
RNH9,15:09:48,40304.4700,1
RNH9,15:10:06,42368.7600,2
RNH9,15:10:06,41122.6200,2
RNH9,15:10:06,40707.2400,2
RNH9,15:10:39,39864.0000,1
RNH9,15:10:53,40282.1600,1
RNH9,15:11:49,41124.6000,1
RNH9,15:11:49,42786.2000,1
RNH9,15:11:52,39878.4000,2
RNH9,15:11:52,41962.4700,3
RNH9,15:12:21,43208.8800,1
RNH9,15:12:22,40716.0600,1
RNH9,15:12:22,42793.4100,2
RNH9,15:12:32,41155.2900,3
RNH9,15:12:32,42818.1300,3
RNH9,15:12:32,40343.2700,2
RNH9,15:12:32,42006.9100,1
RNH9,15:12:32,43254.6400,1
RNH9,15:12:32,41180.0400,2
RNH9,15:12:32,42012.9700,2
RNH9,15:12:32,42016.0000,4
RNH9,15:12:32,39936.0000,38
RNH9,15:12:32,40352.0000,4
RNH9,15:12:32,42848.0000,10
RNH9,15:12:32,39520.0000,2
RNH9,15:12:54,41975.6000,2
RNH9,15:12:54,40728.8000,1
RNH9,15:12:54,42805.7700,1
RNH9,15:12:54,41970.5500,2
RNH9,15:12:54,42798.5600,10
RNH9,15:12:54,42797.5300,3
RNH9,15:13:07,43663.2000,1
RNH9,15:13:07,41585.0000,1
RNH9,15:13:07,40753.3000,2
RNH9,15:13:07,42005.9000,1
RNH9,15:13:07,43669.5000,3
RNH9,15:15:28,41994.7900,1
RNH9,15:15:28,42410.5800,2
RNH9,15:15:28,42826.3700,6
RNH9,15:16:16,42830.4900,1
RNH9,15:17:56,41164.2000,3
RNH9,15:17:56,42001.8600,2
RNH9,15:17:56,39507.6500,1
RNH9,15:18:19,43645.3500,1
RNH9,15:18:19,43229.6800,2
RNH9,15:18:19,41150.3400,5
RNH9,15:20:28,41964.4900,7
RNH9,15:20:28,39474.4000,1
RNH9,15:20:28,41136.4800,1
RNH9,15:20:30,42805.7700,1
RNH9,15:20:30,41144.4000,2
RNH9,15:21:50,41137.4700,7
RNH9,15:21:50,40721.9400,3
RNH9,15:21:50,41968.5300,4
RNH9,15:21:50,40306.4100,6
RNH9,15:21:50,40295.7400,1
RNH9,15:21:50,42788.2600,3
RNH9,15:21:50,40295.7400,2
RNH9,15:21:56,39884.1600,1
RNH9,15:21:56,40299.6200,1
RNH9,15:23:58,43229.6800,1
RNH9,15:23:58,40735.6600,1
RNH9,15:23:58,43645.3500,1
RNH9,15:23:58,42398.3400,4
RNH9,15:23:58,39904.3200,1
RNH9,15:23:58,41567.0000,4
RNH9,15:23:58,39488.6500,3
RNH9,15:24:15,39924.4800,1
RNH9,15:25:01,42409.5600,2
RNH9,15:25:01,42826.3700,8
RNH9,15:25:01,42413.6400,2
RNH9,15:25:01,41583.0000,2
RNH9,15:25:01,41169.1500,3
RNH9,15:25:01,42832.5500,3
RNH9,15:25:01,40753.3000,2
RNH9,15:25:01,41161.2300,2
RNH9,15:25:01,43657.9500,4
RNH9,15:25:01,41582.0000,2
RNH9,15:25:01,39508.6000,1
RNH9,15:25:01,43667.4000,2
RNH9,15:25:01,40340.3600,2
RNH9,15:25:01,42419.7600,2
RNH9,15:25:01,42419.7600,9
RNH9,15:25:01,41993.7800,2
RNH9,15:25:02,43241.1200,2
RNH9,15:25:02,43242.1600,1
RNH9,15:25:02,43657.9500,3
RNH9,15:25:03,40334.5400,2
RNH9,15:25:03,41169.1500,3
RNH9,15:25:03,42417.7200,3
RNH9,15:25:03,43667.4000,6
RNH9,15:25:03,39508.6000,6
RNH9,15:25:03,43251.5200,22
RNH9,15:25:03,42003.8800,3
RNH9,15:25:04,41588.0000,3
RNH9,15:25:06,41178.0600,2
RNH9,15:25:07,39924.4800,3
RNH9,15:25:07,42419.7600,6
RNH9,15:25:07,39924.4800,3
RNH9,15:31:08,40359.7600,1
RNH9,15:31:08,41608.0000,2
RNH9,15:31:08,40776.8200,1
RNH9,15:31:08,43273.3600,12
RNH9,15:31:36,43265.0400,1
RNH9,15:32:00,41193.9000,1
RNH9,15:32:37,43254.6400,1
RNH9,15:32:37,42837.7000,1
RNH9,15:33:24,41597.0000,1
RNH9,15:35:23,42430.9800,1
RNH9,15:35:23,43261.9200,2
RNH9,15:35:23,39923.5200,2
RNH9,15:35:23,43657.9500,1
RNH9,15:35:23,41991.7600,2
RNH9,15:35:23,43231.7600,2
RNH9,15:36:35,39497.2000,1
RNH9,15:36:35,41991.7600,6
RNH9,15:39:32,40710.1800,1
RNH9,15:40:29,39463.9500,7
RNH9,15:40:29,43200.5600,2
RNH9,15:40:29,42358.5600,2
RNH9,15:40:29,43186.0000,1
RNH9,15:40:29,41525.0000,1
RNH9,15:40:29,43186.0000,19
RNH9,15:40:36,40687.6400,1
RNH9,15:41:59,40671.9600,2
RNH9,15:41:59,43577.1000,1
RNH9,15:41:59,43161.0400,1
RNH9,15:42:08,40660.2000,2
RNH9,15:42:08,39824.6400,2
RNH9,15:42:08,42312.6600,7
RNH9,15:42:08,39406.0000,1
RNH9,15:42:08,41480.0000,3
RNH9,15:42:08,39416.4500,5
RNH9,15:42:09,42733.6700,7
RNH9,15:42:09,39414.5500,7
RNH9,15:42:11,40657.2600,1
RNH9,15:42:34,42321.8400,3
RNH9,15:42:34,40248.2100,7
RNH9,15:42:35,40252.0900,3
RNH9,15:42:35,43156.8800,3
RNH9,15:42:35,39837.1200,1
RNH9,15:42:35,42331.0200,7
RNH9,15:42:35,41089.9500,1
RNH9,15:42:35,40259.8500,1
RNH9,15:42:35,41505.0000,2
RNH9,15:42:35,43165.2000,1
RNH9,15:42:45,40683.7200,3
RNH9,15:43:29,41918.0300,5
RNH9,15:43:29,39841.9200,4
RNH9,15:45:04,40239.4800,4
RNH9,15:45:33,41913.9900,1
RNH9,15:45:33,40669.0200,1
RNH9,15:46:26,40675.8800,1
RNH9,15:47:11,41928.1300,1
RNH9,15:51:46,43149.6000,1
RNH9,15:53:03,40650.4000,4
RNH9,15:57:04,40258.8800,1
RNH9,15:57:12,42757.3600,4
RNH9,15:58:14,42757.3600,1
RNH9,15:58:14,43172.4800,1
RNH9,15:58:14,40266.6400,1
RNH9,15:58:14,40681.7600,1
RNH9,15:58:48,41108.7600,1
RNH9,15:58:48,43184.9600,1
RNH9,15:58:48,42355.5000,3
RNH9,15:58:48,43603.3500,2
RNH9,15:58:48,39866.8800,1
RNH9,15:58:48,39866.8800,2
RNH9,15:58:48,43195.3600,1
RNH9,15:59:14,41524.0000,1
RNH9,16:01:27,41542.0000,1
RNH9,16:01:50,41950.3500,1
RNH9,16:01:50,40288.9500,1
RNH9,16:01:50,41534.0000,1
RNH9,16:01:50,42364.6800,1
RNH9,16:03:10,42406.5000,1
RNH9,16:03:18,41158.2600,1
RNH9,16:04:03,42837.7000,1
RNH9,16:04:03,43254.6400,1
RNH9,16:04:08,43271.2800,2
RNH9,16:04:08,42855.2100,1
RNH9,16:04:08,43688.4000,2
RNH9,16:04:08,39944.6400,5
RNH9,16:04:59,41184.0000,1
RNH9,16:04:59,43681.0500,1
RNH9,16:04:59,42859.3300,1
RNH9,16:04:59,43277.5200,1
RNH9,16:04:59,42862.4200,5
RNH9,16:04:59,40368.4900,1
RNH9,16:05:06,40341.3300,1
RNH9,16:05:06,42004.8900,1
RNH9,16:05:06,39925.4400,1
RNH9,16:05:06,42004.8900,3
RNH9,16:05:06,41589.0000,1
RNH9,16:05:46,39486.7500,1
RNH9,16:05:58,41983.6800,2
RNH9,16:06:08,42818.1300,1
RNH9,16:06:08,39908.1600,4
RNH9,16:06:08,39492.4500,1
RNH9,16:06:08,40746.4400,4
RNH9,16:07:12,41581.0000,1
RNH9,16:07:43,41995.8000,1
RNH9,16:07:44,41995.8000,1
RNH9,16:08:23,41134.5000,1
RNH9,16:09:01,41986.7100,1
RNH9,16:09:01,42808.8600,1
RNH9,16:10:00,40323.8700,1
RNH9,16:10:07,41551.0000,1
RNH9,16:10:32,42381.0000,2
RNH9,16:10:32,43210.9600,1
RNH9,16:10:32,42370.8000,1
RNH9,16:10:32,43199.5200,2
RNH9,16:10:32,40706.2600,1
RNH9,16:10:32,42360.6000,1
RNH9,16:11:55,39460.1500,1
RNH9,16:11:55,40289.9200,1
RNH9,16:14:26,39468.7000,1
RNH9,16:14:40,41557.0000,1
RNH9,16:15:18,41556.0000,1
RNH9,16:15:31,41975.6000,1
RNH9,16:15:34,42391.2000,1
RNH9,16:15:39,41144.4000,1
RNH9,16:15:39,39897.6000,2
RNH9,16:15:43,42381.0000,3
RNH9,16:15:43,39888.0000,3
RNH9,16:15:43,41550.0000,3
RNH9,16:15:43,40302.5300,2
RNH9,16:15:56,40726.8400,1
RNH9,16:16:06,39901.4400,3
RNH9,16:16:16,40729.7800,1
RNH9,16:16:16,42392.2200,1
RNH9,16:16:26,39904.3200,3
RNH9,16:16:46,41567.0000,1
RNH9,16:16:48,41982.6700,1
RNH9,16:16:48,39904.3200,1
RNH9,16:16:50,39903.3600,1
RNH9,16:16:51,41150.3400,2
RNH9,16:16:51,41150.3400,1
RNH9,16:16:51,39487.7000,2
RNH9,16:16:56,42803.7100,6
RNH9,16:16:56,42803.7100,1
RNH9,16:17:52,39894.7200,1
RNH9,16:19:58,41973.5800,1
RNH9,16:21:56,43201.6000,1
RNH9,16:22:00,41540.0000,1
RNH9,16:22:00,42788.2600,1
RNH9,16:22:01,39460.1500,6
RNH9,16:22:01,39461.1000,2
RNH9,16:22:01,39466.8000,5
RNH9,16:22:01,42790.3200,2
RNH9,16:22:01,40713.1200,3
RNH9,16:22:01,40297.6800,1
RNH9,16:23:35,42790.3200,1
RNH9,16:23:43,40712.1400,1
RNH9,16:23:45,42784.1400,1
RNH9,16:23:45,41122.6200,1
RNH9,16:23:45,43614.9000,1
RNH9,16:23:45,42784.1400,1
RNH9,16:23:54,39461.1000,1
RNH9,16:24:21,40275.3700,1
RNH9,16:24:37,43186.0000,5
RNH9,16:24:37,40694.5000,5
RNH9,16:24:41,42352.4400,1
RNH9,16:26:59,43587.6000,1
RNH9,16:27:54,43593.9000,1
RNH9,16:28:01,43586.5500,1
RNH9,16:28:02,39431.6500,1
RNH9,16:28:02,39846.7200,7
RNH9,16:28:25,40261.7900,1
RNH9,16:28:25,42748.0900,1
RNH9,16:29:49,40675.8800,1
RNH9,16:30:04,41932.1700,1
RNH9,16:30:43,40692.5400,8
RNH9,16:31:13,39421.2000,1
RNH9,16:33:16,41922.0700,1
RNH9,16:33:16,41092.9200,2
RNH9,16:33:16,43170.4000,1
RNH9,16:33:40,42321.8400,2
RNH9,16:33:40,41076.0900,1
RNH9,16:33:40,40660.2000,3
RNH9,16:33:40,43564.5000,1
RNH9,16:33:41,42737.7900,1
RNH9,16:33:41,42734.7000,6
RNH9,16:33:42,43567.6500,6
RNH9,16:33:44,43562.4000,1
RNH9,16:33:57,40237.5400,1
RNH9,16:34:11,42303.4800,1
RNH9,16:34:15,42733.6700,2
RNH9,16:34:15,41489.0000,1
RNH9,16:34:27,40244.3300,4
RNH9,16:34:27,41078.0700,7
RNH9,16:36:32,41490.0000,2
RNH9,16:37:40,39416.4500,1
RNH9,16:39:26,40245.3000,2
RNH9,16:39:27,43148.5600,1
RNH9,16:39:27,42317.7600,1
RNH9,16:41:00,42338.1600,1
RNH9,16:41:00,42338.1600,1
RNH9,16:41:34,41902.8800,2
RNH9,16:41:55,40241.4200,1
RNH9,16:42:00,40252.0900,1
RNH9,16:42:00,39423.1000,1
RNH9,16:44:15,39847.6800,4
RNH9,16:44:24,43170.4000,1
RNH9,16:48:29,39818.8800,1
RNH9,16:48:29,41063.2200,1
RNH9,16:48:29,40233.6600,1
RNH9,16:52:53,41925.1000,1
RNH9,16:52:54,43172.4800,1
RNH9,16:57:02,40667.0600,1
RNH9,16:59:04,40670.0000,1
RNH9,16:59:13,41509.0000,1
RNH9,16:59:13,42758.3900,1
RNH9,16:59:13,43588.6500,1
RNH9,16:59:13,41103.8100,2
RNH9,16:59:13,41933.1800,2
RNH9,16:59:13,42763.5400,1
RNH9,16:59:13,40688.6200,1
RNH9,16:59:13,40693.5200,2
RNH9,16:59:13,39863.0400,3
RNH9,16:59:13,40693.5200,3
RNH9,16:59:13,41108.7600,3
RNH9,16:59:13,42355.5000,5
RNH9,16:59:13,43592.8500,2
RNH9,16:59:13,41943.2800,2
RNH9,16:59:13,39866.8800,1
RNH9,16:59:13,41101.8300,2
RNH9,16:59:13,42769.7200,5
RNH9,16:59:13,42769.7200,1
RNH9,16:59:13,41941.2600,5
RNH9,16:59:13,41110.7400,2
RNH9,16:59:13,41933.1800,1
RNH9,16:59:13,40695.4800,1
RNH9,16:59:13,42769.7200,3
RNH9,16:59:13,41938.2300,2
RNH9,16:59:13,41108.7600,2
RNH9,16:59:13,41939.2400,1
RNH9,16:59:13,41525.0000,3
RNH9,16:59:13,43598.1000,1
RNH9,16:59:13,41937.2200,1
RNH9,16:59:14,43184.9600,2
RNH9,16:59:14,43186.0000,1
RNH9,16:59:14,43186.0000,2
RNH9,16:59:14,41941.2600,1
RNH9,16:59:14,41113.7100,2
RNH9,16:59:14,42357.5400,2
RNH9,16:59:14,41113.7100,6
RNH9,16:59:14,41945.3000,5
RNH9,16:59:14,41945.3000,5
RNH9,16:59:14,41532.0000,1
RNH9,16:59:14,39871.6800,1
RNH9,16:59:14,41530.0000,1
RNH9,16:59:14,43191.2000,6
RNH9,16:59:14,43610.7000,7
RNH9,16:59:14,39457.3000,3
RNH9,16:59:14,40287.9800,2
RNH9,16:59:14,40699.4000,1
RNH9,16:59:14,41943.2800,1
RNH9,16:59:14,40704.3000,1
RNH9,16:59:14,43204.7200,1
RNH9,16:59:14,40295.7400,3
RNH9,16:59:14,40295.7400,2
RNH9,16:59:14,41126.5800,1
RNH9,16:59:14,41958.4300,4
RNH9,16:59:14,39465.8500,1
RNH9,16:59:14,42373.8600,1
RNH9,16:59:14,43194.3200,1
RNH9,16:59:14,39880.3200,1
RNH9,16:59:14,41533.0000,1
RNH9,16:59:14,39885.1200,1
RNH9,16:59:14,39471.5500,1
RNH9,16:59:14,43626.4500,3
RNH9,16:59:14,43200.5600,1
RNH9,16:59:14,41962.4700,1
RNH9,16:59:14,39472.5000,1
RNH9,16:59:14,43628.5500,1
RNH9,16:59:14,42798.5600,1
RNH9,16:59:14,42798.5600,1
RNH9,16:59:14,39890.8800,2
RNH9,16:59:14,40721.9400,2
RNH9,16:59:14,39480.1000,12
RNH9,16:59:14,41978.6300,1
RNH9,16:59:14,41978.6300,1
RNH9,16:59:14,40731.7400,1
RNH9,16:59:14,40731.7400,3
RNH9,16:59:14,39484.8500,1
RNH9,16:59:14,43635.9000,1
RNH9,16:59:16,43195.3600,1
RNH9,16:59:16,42780.0200,2
RNH9,16:59:16,42787.2300,2
RNH9,16:59:16,41118.6600,1
RNH9,16:59:16,40284.1000,1
RNH9,16:59:16,41530.0000,2
RNH9,16:59:16,43191.2000,2
RNH9,16:59:16,43606.5000,1
RNH9,16:59:16,39453.5000,1
RNH9,16:59:16,41530.0000,1
RNH9,16:59:16,41114.7000,1
RNH9,16:59:47,42769.7200,1
RNH9,16:59:47,42769.7200,1
RNH9,16:59:52,43618.0500,1
RNH9,16:59:52,39880.3200,1
RNH9,16:59:53,39467.7500,1
RNH9,16:59:59,40289.9200,1
RNH9,17:00:00,39868.8000,2
RNH9,17:00:00,42360.6000,1
RNH9,17:00:01,39850.5600,2
RNH9,17:00:01,39434.5000,1
RNH9,17:00:21,39882.2400,1
RNH9,17:00:21,40297.6800,2
RNH9,17:00:44,43625.4000,1
RNH9,17:00:50,40724.8800,1
RNH9,17:01:22,41130.5400,7
RNH9,17:02:03,43193.2800,7
RNH9,17:04:00,42366.7200,1
RNH9,17:04:00,42371.8200,1
RNH9,17:05:45,41120.6400,1
RNH9,17:05:45,42782.0800,1
RNH9,17:06:40,42787.2300,1
RNH9,17:09:19,41975.6000,2
RNH9,17:09:19,39886.0800,1
RNH9,17:10:11,43603.3500,7
RNH9,17:10:31,43583.4000,1
RNH9,17:10:31,39847.6800,1
RNH9,17:13:31,42721.3100,1
RNH9,17:14:00,40230.7500,1
RNH9,17:15:03,42731.6100,1
RNH9,17:15:12,43549.8000,2
RNH9,17:15:12,39816.9600,2
RNH9,17:18:03,41923.0800,1
RNH9,17:18:03,41923.0800,1
RNH9,17:18:09,43581.3000,1
RNH9,17:18:09,43582.3500,1
RNH9,17:18:12,41508.0000,1
RNH9,17:18:12,39433.5500,1
RNH9,17:18:56,40247.2400,1
RNH9,17:18:56,41077.0800,3
RNH9,17:18:56,40247.2400,1
RNH9,17:26:48,43596.0000,1
RNH9,17:26:48,39444.9500,1
RNH9,17:26:48,41522.0000,1
RNH9,17:26:49,40285.0700,1
RNH9,17:29:26,43196.4000,1
RNH9,17:30:55,39888.9600,1
RNH9,17:30:55,39891.8400,1
RNH9,17:31:41,43630.6500,1
RNH9,17:32:01,39492.4500,1
RNH9,17:32:02,39890.8800,1
RNH9,17:32:02,40719.0000,1
RNH9,17:32:43,42391.2000,1
RNH9,17:32:57,39471.5500,1
RNH9,17:32:57,43210.9600,2
RNH9,17:32:57,42795.4700,1
RNH9,17:32:57,43210.9600,1
RNH9,17:33:07,43220.3200,1
RNH9,17:33:21,41168.1600,1
RNH9,17:33:21,39507.6500,1
RNH9,17:33:21,40349.0900,5
RNH9,17:33:21,43261.9200,1
RNH9,17:33:23,40357.8200,1
RNH9,17:33:23,43270.2400,1
RNH9,17:33:31,42017.0100,1
RNH9,17:33:31,43269.2000,1
RNH9,17:33:31,42856.2400,1
RNH9,17:33:37,41627.0000,7
RNH9,17:33:37,42445.2600,1
RNH9,17:33:40,41611.0000,1
RNH9,17:33:43,40776.8200,1
RNH9,17:33:43,39527.6000,2
RNH9,17:33:49,39536.1500,1
RNH9,17:33:49,42456.4800,1
RNH9,17:33:49,43288.9600,1
RNH9,17:33:54,39969.6000,2
RNH9,17:33:54,41218.6500,1
RNH9,17:33:54,43732.5000,2
RNH9,17:33:54,41650.0000,2
RNH9,17:33:55,40400.5000,2
RNH9,17:33:55,39567.5000,1
RNH9,17:33:55,42066.5000,1
RNH9,17:33:55,39984.0000,19
RNH9,17:33:55,41650.0000,1
RNH9,17:33:55,41234.4900,1
RNH9,17:33:55,41228.5500,1
RNH9,17:33:59,41223.6000,5
RNH9,17:33:59,40390.8000,1
RNH9,17:33:59,39555.1500,3
RNH9,17:33:59,42053.3700,3
RNH9,17:33:59,42053.3700,1
RNH9,17:33:59,43291.0400,5
RNH9,17:33:59,40372.3700,7
RNH9,17:33:59,39539.9500,5
RNH9,17:33:59,40788.5800,2
RNH9,17:33:59,42458.5200,7
RNH9,17:33:59,39536.1500,7
RNH9,17:33:59,39950.4000,2
RNH9,17:33:59,42863.4500,5
RNH9,17:33:59,41613.0000,2
RNH9,17:33:59,42861.3900,1
RNH9,17:33:59,42861.3900,4
RNH9,17:33:59,39529.5000,4
RNH9,17:33:59,42026.1000,1
RNH9,17:33:59,42442.2000,2
RNH9,17:33:59,43690.5000,7
RNH9,17:33:59,40777.8000,7
RNH9,17:33:59,43690.5000,7
RNH9,17:33:59,42857.2700,7
RNH9,17:33:59,39941.7600,7
RNH9,17:33:59,43270.2400,4
RNH9,17:33:59,40357.8200,3
RNH9,17:33:59,40773.8800,7
RNH9,17:33:59,39525.7000,6
RNH9,17:33:59,43270.2400,1
RNH9,17:33:59,40356.8500,1
RNH9,17:33:59,40356.8500,1
RNH9,17:33:59,42021.0500,1
RNH9,17:33:59,39940.8000,4
RNH9,17:33:59,42021.0500,1
RNH9,17:33:59,39524.7500,2
RNH9,17:33:59,40772.9000,4
RNH9,17:33:59,40353.9400,1
RNH9,17:33:59,40769.9600,1
RNH9,17:33:59,39937.9200,1
RNH9,17:33:59,40771.9200,10
RNH9,17:33:59,43693.6500,4
RNH9,17:33:59,42446.2800,1
RNH9,17:33:59,41614.0000,1
RNH9,17:33:59,39526.6500,1
RNH9,17:33:59,39532.3500,1
RNH9,17:33:59,41197.8600,1
RNH9,17:33:59,43693.6500,4
RNH9,17:33:59,40774.8600,6
RNH9,17:33:59,43683.1500,1
RNH9,17:33:59,43272.3200,4
RNH9,17:33:59,41192.9100,1
RNH9,17:33:59,43273.3600,1
RNH9,17:34:00,42020.0400,7
RNH9,17:34:00,39937.9200,1
RNH9,17:34:00,43255.6800,2
RNH9,17:34:00,40758.2000,1
RNH9,17:34:00,43664.2500,1
RNH9,17:34:00,43252.5600,2
RNH9,17:34:00,41590.0000,7
RNH9,17:34:00,42421.8000,1
RNH9,17:34:00,39926.4000,3
RNH9,17:34:00,42837.7000,3
RNH9,17:34:00,39926.4000,1
RNH9,17:34:00,41176.0800,1
RNH9,17:34:00,42007.9200,1
RNH9,17:34:00,41178.0600,3
RNH9,17:34:00,39930.2400,3
RNH9,17:34:00,42009.9400,1
RNH9,17:34:00,43684.2000,2
RNH9,17:34:00,42852.1200,2
RNH9,17:34:00,39939.8400,3
RNH9,17:34:00,43268.1600,1
RNH9,17:34:00,43684.2000,2
RNH9,17:34:00,42852.1200,3
RNH9,17:34:00,42852.1200,1
RNH9,17:34:01,40785.6400,1
RNH9,17:34:05,39518.1000,1
RNH9,17:34:05,43676.8500,6
RNH9,17:34:12,40778.7800,1
RNH9,17:34:12,40779.7600,1
RNH9,17:34:34,41208.7500,3
RNH9,17:35:01,40376.2500,1
RNH9,17:35:07,41208.7500,1
RNH9,17:35:17,39548.5000,1
RNH9,17:35:34,40376.2500,1
RNH9,17:35:49,41212.7100,1
RNH9,17:36:01,42027.1100,1
RNH9,17:36:01,42027.1100,1
RNH9,17:36:11,40803.2800,1
RNH9,17:37:00,41623.0000,1
RNH9,17:37:01,43704.1500,1
RNH9,17:37:07,42868.6000,1
RNH9,17:37:10,41202.8100,2
RNH9,17:37:52,41584.0000,1
RNH9,17:37:52,39502.9000,1
RNH9,17:37:52,40334.5400,2
RNH9,17:37:52,42829.4600,7
RNH9,17:37:53,43244.2400,2
RNH9,17:38:01,43673.7000,1
RNH9,17:40:01,41665.0000,1
RNH9,17:40:01,40417.9600,3
RNH9,17:40:02,42930.4000,1
RNH9,17:40:02,41683.0000,1
RNH9,17:40:02,42934.5200,1
RNH9,17:40:02,41264.1900,1
RNH9,17:40:16,40019.5200,1
RNH9,17:40:17,40019.5200,1
RNH9,17:40:17,43772.4000,1
RNH9,17:40:28,43364.8800,1
RNH9,17:40:28,42115.9900,1
RNH9,17:40:30,39597.9000,1
RNH9,17:40:37,42931.4300,1
RNH9,17:40:37,40430.5700,1
RNH9,17:41:34,39586.5000,1
RNH9,17:41:35,43336.8000,1
RNH9,17:42:05,41253.3000,1
RNH9,17:42:11,42495.2400,1
RNH9,17:42:53,42497.2800,2
RNH9,17:43:17,43747.2000,1
RNH9,17:43:17,39580.8000,3
RNH9,17:43:21,42100.8400,1
RNH9,17:43:27,41268.1500,2
RNH9,17:43:27,42101.8500,1
RNH9,17:43:27,43783.9500,4
RNH9,17:43:34,42532.9800,1
RNH9,17:43:34,41283.0000,1
RNH9,17:43:35,42117.0000,2
RNH9,17:43:37,42525.8400,1
RNH9,17:43:37,42108.9200,4
RNH9,17:43:42,40449.0000,1
RNH9,17:43:42,42534.0000,1
RNH9,17:43:43,41700.0000,18
RNH9,17:43:44,42948.9400,2
RNH9,17:43:44,42948.9400,3
RNH9,17:43:49,43372.1600,1
RNH9,17:43:49,40866.0000,1
RNH9,17:43:49,42958.2100,1
RNH9,17:43:57,39620.7000,1
RNH9,17:44:14,42534.0000,4
RNH9,17:44:14,40032.0000,1
RNH9,17:44:18,41274.0900,1
RNH9,17:44:18,41691.0000,1
RNH9,17:44:18,42524.8200,1
RNH9,17:44:18,40440.2700,1
RNH9,17:44:18,40440.2700,7
RNH9,17:44:18,40023.3600,5
RNH9,17:44:18,40857.1800,1
RNH9,17:44:59,41691.0000,1
RNH9,17:45:27,41691.0000,3
RNH9,17:45:27,40443.1800,1
RNH9,17:46:40,42099.8300,1
RNH9,17:46:40,42516.6600,2
RNH9,17:46:40,43768.2000,5
RNH9,17:46:40,42102.8600,10
RNH9,17:46:40,43353.4400,4
RNH9,17:46:40,43355.5200,20
RNH9,17:48:10,43757.7000,1
RNH9,17:48:10,43340.9600,1
RNH9,17:48:18,41258.2500,1
RNH9,17:49:10,39576.0500,5
RNH9,17:49:10,43749.3000,10
RNH9,17:49:10,40000.3200,2
RNH9,17:49:10,40003.2000,2
RNH9,17:49:10,40427.6600,2
RNH9,17:49:10,41262.2100,3
RNH9,17:49:11,39557.0500,2
RNH9,17:49:11,42471.7800,1
RNH9,17:49:24,43312.8800,1
RNH9,17:49:58,43312.8800,3
RNH9,17:49:58,40386.9200,2
RNH9,17:49:58,41636.0000,7
RNH9,17:49:59,39565.6000,1
RNH9,17:50:36,43303.5200,1
RNH9,17:50:53,42066.5000,5
RNH9,17:50:55,43316.0000,3
RNH9,17:51:59,42483.0000,11
RNH9,17:51:59,40390.8000,5
RNH9,17:51:59,40807.2000,2
RNH9,17:52:33,40827.7800,2
RNH9,17:52:33,42494.2200,7
RNH9,17:52:33,43328.4800,2
RNH9,17:52:33,42079.6300,2
RNH9,17:52:40,42483.0000,2
RNH9,17:53:32,43311.8400,4
RNH9,17:53:51,40821.9000,1
RNH9,17:53:51,41238.4500,1
RNH9,17:54:18,40821.9000,3
RNH9,17:54:30,42062.4600,1
RNH9,17:54:30,43311.8400,1
RNH9,17:54:30,41229.5400,1
RNH9,17:54:30,42478.9200,2
RNH9,17:57:13,42095.7900,2
RNH9,17:57:17,43769.2500,1
RNH9,17:57:17,42518.7000,1
RNH9,17:58:14,42137.2000,1
RNH9,17:58:14,42137.2000,1
RNH9,17:58:14,41739.0000,1
RNH9,17:58:15,40866.9800,1
RNH9,17:58:15,43369.0400,2
RNH9,17:59:02,41313.6900,4
RNH9,17:59:04,42981.9000,1
RNH9,17:59:04,40061.7600,2
RNH9,17:59:04,39645.4000,12
RNH9,17:59:26,41738.0000,1
RNH9,17:59:26,42157.4000,2
RNH9,17:59:26,43422.0800,1
RNH9,17:59:26,42169.5200,1
RNH9,17:59:26,40923.8200,1
RNH9,17:59:27,42162.4500,1
RNH9,17:59:40,42175.5800,1
RNH9,17:59:41,40088.6400,1
RNH9,17:59:50,41341.4100,1
RNH9,17:59:50,42594.1800,2
RNH9,17:59:50,41341.4100,45
RNH9,17:59:50,43865.8500,2
RNH9,17:59:50,42205.8800,2
RNH9,17:59:50,39699.5500,1
RNH9,17:59:50,40123.2000,1
RNH9,17:59:50,40961.0600,4
RNH9,17:59:50,40125.1200,1
RNH9,17:59:50,41800.0000,2
RNH9,17:59:50,42197.8000,2
RNH9,17:59:50,41800.0000,1
RNH9,17:59:50,43890.0000,1
RNH9,17:59:50,40941.4600,2
RNH9,17:59:50,43459.5200,2
RNH9,17:59:50,42636.0000,2
RNH9,17:59:50,39709.0500,2
RNH9,17:59:50,40964.0000,36
RNH9,17:59:50,39710.0000,31
RNH9,17:59:50,42218.0000,1
RNH9,17:59:50,40964.0000,3
RNH9,17:59:50,41382.0000,1
RNH9,17:59:50,40964.9800,38
RNH9,17:59:50,40546.9700,2
RNH9,17:59:50,40546.0000,2
RNH9,17:59:50,42221.0300,1
RNH9,17:59:50,42228.1000,1
RNH9,17:59:50,41783.0000,2
RNH9,17:59:50,43454.3200,6
RNH9,17:59:50,41382.0000,2
RNH9,17:59:50,40128.0000,1
RNH9,17:59:50,42219.0100,1
RNH9,17:59:50,42219.0100,1
RNH9,17:59:50,43481.3600,1
RNH9,17:59:50,40973.8000,1
RNH9,17:59:50,40975.7600,1
RNH9,17:59:50,43483.4400,4
RNH9,17:59:50,43069.4500,19
RNH9,17:59:50,42244.2600,2
RNH9,17:59:50,42245.2700,1
RNH9,17:59:50,43081.8100,1
RNH9,17:59:50,42246.2800,1
RNH9,17:59:50,41828.0000,1
RNH9,17:59:50,42666.6000,3
RNH9,17:59:50,40983.6000,1
RNH9,17:59:51,43507.3600,1
RNH9,17:59:51,41840.0000,1
RNH9,17:59:51,43925.7000,1
RNH9,17:59:51,40998.3000,2
RNH9,17:59:51,40167.3600,2
RNH9,17:59:52,41422.5900,1
RNH9,17:59:52,41422.5900,2
RNH9,17:59:52,41423.5800,1
RNH9,17:59:52,42675.7800,1
RNH9,17:59:53,40164.4800,1
RNH9,17:59:53,41436.4500,1
RNH9,17:59:53,43531.2800,1
RNH9,17:59:53,43531.2800,1
RNH9,17:59:53,42694.1400,1
RNH9,17:59:54,40182.7200,1
RNH9,17:59:54,42289.7100,1
RNH9,17:59:54,40179.8400,2
RNH9,17:59:54,40596.4400,1
