SECID,TRADETIME,PRICE,QUANTITY
GDH9,19:05:07,1262.8280,1
GDH9,19:05:10,1275.8130,1
GDH9,19:05:11,1275.9120,1
GDH9,19:05:14,1224.0750,2
GDH9,19:05:18,1275.8130,1
GDH9,19:05:23,1301.2840,10
GDH9,19:05:23,1288.4000,2
GDH9,19:05:23,1249.7480,1
GDH9,19:05:23,1339.9360,6
GDH9,19:05:23,1275.5160,2
GDH9,19:05:23,1223.9800,1
GDH9,19:05:23,1275.5160,10
GDH9,19:05:41,1275.4170,10
GDH9,19:05:41,1249.6510,5
GDH9,19:05:45,1223.8850,1
GDH9,19:05:45,1262.5340,1
GDH9,19:05:49,1301.1830,1
GDH9,19:05:49,1326.9490,1
GDH9,19:05:49,1288.3000,2
GDH9,19:05:50,1326.9490,2
GDH9,19:05:50,1223.8850,1
GDH9,19:06:39,1339.8320,1
GDH9,19:06:45,1275.4170,2
GDH9,19:06:45,1339.8320,1
GDH9,19:06:45,1236.7680,7
GDH9,19:07:40,1327.3610,1
GDH9,19:07:40,1224.2650,1
GDH9,19:07:40,1288.7000,2
GDH9,19:07:40,1224.2650,2
GDH9,19:07:40,1262.8280,1
GDH9,19:07:58,1353.1350,2
GDH9,19:07:58,1314.4740,2
GDH9,19:09:37,1275.5160,2
GDH9,19:09:37,1327.0520,3
GDH9,19:09:41,1314.1680,1
GDH9,19:10:36,1300.9810,1
GDH9,19:10:36,1262.3380,3
GDH9,19:10:36,1300.9810,2
GDH9,19:10:36,1288.2000,1
GDH9,19:10:36,1275.3180,2
GDH9,19:10:36,1288.2000,1
GDH9,19:11:41,1288.4000,1
GDH9,19:12:50,1237.1520,4
GDH9,19:12:50,1353.1350,5
GDH9,19:12:51,1262.9260,1
GDH9,19:13:36,1237.3440,1
GDH9,19:13:37,1327.6700,1
GDH9,19:14:02,1289.0000,1
GDH9,19:14:02,1314.7800,4
GDH9,19:14:02,1276.1100,6
GDH9,19:14:02,1224.5500,9
GDH9,19:14:02,1314.7800,1
GDH9,19:14:02,1263.2200,7
GDH9,19:14:19,1327.5670,1
GDH9,19:14:56,1288.8000,1
GDH9,19:16:27,1340.3520,1
GDH9,19:16:27,1224.3600,1
GDH9,19:17:14,1301.6880,1
GDH9,19:17:14,1263.0240,1
GDH9,19:17:14,1301.6880,1
GDH9,19:17:50,1340.0400,1
GDH9,19:17:50,1352.9250,2
GDH9,19:17:50,1301.3850,3
GDH9,19:17:52,1314.2700,7
GDH9,19:17:52,1352.9250,2
GDH9,19:18:51,1288.5000,2
GDH9,19:18:59,1224.0750,1
GDH9,19:19:25,1340.3520,1
GDH9,19:19:25,1288.9000,1
GDH9,19:20:21,1340.4560,1
GDH9,19:20:22,1327.4640,1
GDH9,19:20:47,1353.2400,2
GDH9,19:21:26,1237.3440,1
GDH9,19:22:28,1327.7730,1
GDH9,19:22:29,1237.6320,1
GDH9,19:22:34,1314.8820,5
GDH9,19:22:35,1327.8760,1
GDH9,19:23:00,1276.2090,1
GDH9,19:23:00,1237.5360,1
GDH9,19:23:00,1237.4400,1
GDH9,19:23:08,1301.9910,4
GDH9,19:23:08,1237.5360,1
GDH9,19:23:08,1289.1000,2
GDH9,19:23:08,1301.9910,2
GDH9,19:23:16,1301.9910,9
GDH9,19:23:16,1237.5360,12
GDH9,19:24:02,1237.4400,1
GDH9,19:24:02,1237.4400,5
GDH9,19:24:02,1340.5600,2
GDH9,19:24:02,1250.3300,20
GDH9,19:24:02,1340.5600,4
GDH9,19:24:02,1276.1100,4
GDH9,19:24:02,1263.2200,1
GDH9,19:24:02,1340.5600,1
GDH9,19:24:02,1263.2200,2
GDH9,19:24:40,1276.2090,2
GDH9,19:24:40,1353.5550,20
GDH9,19:24:40,1276.2090,1
GDH9,19:24:40,1224.6450,4
GDH9,19:24:40,1289.1000,2
GDH9,19:24:40,1237.5360,3
GDH9,19:24:40,1314.8820,1
GDH9,19:24:40,1340.6640,1
GDH9,19:24:40,1237.5360,2
GDH9,19:24:42,1237.6320,1
GDH9,19:24:42,1276.3080,1
GDH9,19:25:05,1276.4070,1
GDH9,19:25:06,1263.6120,4
GDH9,19:25:06,1237.8240,1
GDH9,19:26:54,1340.8720,1
GDH9,19:26:54,1302.1930,1
GDH9,19:27:10,1250.6210,5
GDH9,19:27:10,1237.7280,3
GDH9,19:27:36,1263.7100,1
GDH9,19:27:36,1276.6050,1
GDH9,19:27:37,1340.9760,1
GDH9,19:27:37,1238.0160,1
GDH9,19:27:37,1250.9120,1
GDH9,19:28:23,1263.6120,1
GDH9,19:28:40,1340.8720,1
GDH9,19:28:40,1250.6210,5
GDH9,19:28:40,1327.9790,8
GDH9,19:28:54,1224.8350,10
GDH9,19:28:54,1289.3000,1
GDH9,19:28:54,1289.3000,1
GDH9,19:28:54,1237.7280,2
GDH9,19:28:54,1302.2940,1
GDH9,19:28:54,1263.6120,6
GDH9,19:28:54,1263.6120,1
GDH9,19:28:54,1250.7180,2
GDH9,19:28:54,1328.0820,1
GDH9,19:28:54,1250.7180,20
GDH9,19:28:54,1250.7180,10
GDH9,19:28:54,1328.0820,1
GDH9,19:28:54,1328.0820,44
GDH9,19:29:10,1224.6450,1
GDH9,19:29:10,1340.6640,2
GDH9,19:29:10,1327.7730,2
GDH9,19:29:10,1353.5550,2
GDH9,19:29:10,1237.5360,1
GDH9,19:29:17,1250.3300,1
GDH9,19:29:17,1289.0000,1
GDH9,19:29:17,1224.5500,1
GDH9,19:29:17,1353.4500,2
GDH9,19:29:17,1224.5500,1
GDH9,19:29:17,1237.4400,1
GDH9,19:29:23,1340.5600,1
GDH9,19:29:23,1327.6700,1
GDH9,19:29:23,1340.5600,2
GDH9,19:30:03,1314.9840,1
GDH9,19:30:55,1315.0860,1
GDH9,19:32:51,1340.8720,1
GDH9,19:33:25,1276.6050,1
GDH9,19:33:25,1225.0250,2
GDH9,19:33:25,1225.0250,2
GDH9,19:33:25,1225.0250,2
GDH9,19:33:25,1315.2900,2
GDH9,19:34:57,1353.6600,1
GDH9,19:34:57,1263.4160,1
GDH9,19:35:11,1289.3000,2
GDH9,19:36:00,1353.7650,25
GDH9,19:36:00,1327.9790,15
GDH9,19:36:08,1353.7650,1
GDH9,19:36:08,1340.9760,1
GDH9,19:36:08,1353.8700,1
GDH9,19:37:11,1327.5670,1
GDH9,19:37:12,1301.6880,1
GDH9,19:37:12,1288.8000,1
GDH9,19:38:40,1327.5670,4
GDH9,19:38:40,1276.0110,3
GDH9,19:38:40,1263.1220,3
GDH9,19:39:15,1276.1100,2
GDH9,19:40:03,1353.3450,2
GDH9,19:40:03,1327.5670,1
GDH9,19:40:03,1224.4550,1
GDH9,19:40:08,1250.2330,1
GDH9,19:40:08,1224.4550,2
GDH9,19:40:08,1288.9000,2
GDH9,19:40:08,1327.5670,1
GDH9,19:40:08,1353.3450,10
GDH9,19:40:08,1327.5670,1
GDH9,19:40:23,1327.5670,20
GDH9,19:40:23,1237.3440,25
GDH9,19:40:25,1275.9120,4
GDH9,19:40:27,1224.4550,138
GDH9,19:40:27,1250.2330,1
GDH9,19:44:05,1250.3300,1
GDH9,19:44:22,1288.9000,1
GDH9,19:45:56,1263.2200,1
GDH9,19:45:57,1237.5360,1
GDH9,19:46:32,1288.9000,1
GDH9,19:47:44,1288.9000,1
GDH9,19:48:33,1224.1700,1
GDH9,19:49:14,1340.1440,1
GDH9,19:49:14,1340.1440,2
GDH9,19:49:14,1224.1700,2
GDH9,19:49:14,1262.8280,3
GDH9,19:49:14,1249.9420,4
GDH9,19:49:14,1275.7140,1
GDH9,19:49:14,1224.1700,2
GDH9,19:49:14,1249.9420,1
GDH9,19:49:14,1262.8280,2
GDH9,19:49:14,1237.0560,1
GDH9,19:49:14,1353.0300,2
GDH9,19:49:14,1340.1440,46
GDH9,19:49:45,1353.2400,1
GDH9,19:49:45,1224.4550,1
GDH9,19:49:47,1353.3450,1
GDH9,19:49:49,1249.9420,10
GDH9,19:49:51,1249.9420,1
GDH9,19:49:51,1327.2580,2
GDH9,19:49:51,1237.0560,1
GDH9,19:49:51,1301.4860,2
GDH9,19:49:56,1288.5000,2
GDH9,19:49:56,1288.5000,1
GDH9,19:50:10,1237.0560,1
GDH9,19:50:10,1353.0300,2
GDH9,19:50:10,1327.2580,1
GDH9,19:50:10,1262.8280,4
GDH9,19:50:10,1327.2580,10
GDH9,19:50:10,1288.7000,1
GDH9,19:50:10,1340.2480,1
GDH9,19:50:11,1249.8450,1
GDH9,19:50:12,1288.5000,1
GDH9,19:51:06,1224.1700,1
GDH9,19:51:10,1236.9600,30
GDH9,19:51:21,1313.9640,2
GDH9,19:51:21,1352.6100,3
GDH9,19:51:22,1249.5540,1
GDH9,19:51:25,1339.7280,1
GDH9,19:51:25,1262.4360,2
GDH9,19:51:25,1313.9640,2
GDH9,19:51:25,1313.8620,2
GDH9,19:51:29,1249.5540,1
GDH9,19:51:52,1249.5540,10
GDH9,19:52:20,1249.4570,1
GDH9,19:52:21,1326.6400,1
GDH9,19:52:38,1223.6000,3
GDH9,19:52:42,1352.4000,1
GDH9,19:52:43,1288.0000,1
GDH9,19:52:43,1339.5200,1
GDH9,19:52:43,1313.7600,1
GDH9,19:52:45,1339.5200,29
GDH9,19:52:46,1262.2400,2
GDH9,19:52:46,1236.4800,89
GDH9,19:52:47,1275.1200,100
GDH9,19:52:47,1339.5200,100
GDH9,19:52:47,1352.4000,100
GDH9,19:52:48,1300.8800,11
GDH9,19:52:58,1300.7790,1
GDH9,19:53:02,1339.4160,1
GDH9,19:53:07,1262.1420,1
GDH9,19:53:16,1275.0210,1
GDH9,19:53:16,1236.4800,5
GDH9,19:53:18,1249.2630,2
GDH9,19:53:18,1326.5370,1
GDH9,19:53:18,1326.5370,1
GDH9,19:53:19,1249.2630,1
GDH9,19:53:27,1223.5050,2
GDH9,19:53:27,1262.1420,9
GDH9,19:53:27,1313.6580,5
GDH9,19:53:27,1236.3840,1
GDH9,19:53:27,1313.7600,3
GDH9,19:53:27,1249.1660,1
GDH9,19:53:28,1236.2880,4
GDH9,19:53:41,1313.6580,7
GDH9,19:53:41,1339.3120,1
GDH9,19:53:44,1236.2880,2
GDH9,19:53:44,1300.6780,18
GDH9,19:53:56,1352.1900,1
GDH9,19:53:56,1300.6780,4
GDH9,19:54:20,1339.4160,1
GDH9,19:54:20,1352.2950,1
GDH9,19:54:30,1262.0440,2
GDH9,19:54:48,1249.1660,1
GDH9,19:54:48,1287.8000,4
GDH9,19:54:48,1339.3120,1
GDH9,19:54:56,1352.4000,28
GDH9,19:54:56,1288.0000,10
GDH9,19:54:56,1326.6400,25
GDH9,19:54:56,1262.2400,22
GDH9,19:54:56,1326.6400,2
GDH9,19:54:57,1262.2400,22
GDH9,19:54:57,1300.8800,17
GDH9,19:54:57,1288.0000,24
GDH9,19:54:58,1262.2400,10
GDH9,19:55:00,1236.4800,20
GDH9,19:55:01,1326.6400,1
GDH9,19:55:01,1288.0000,1
GDH9,19:55:01,1288.0000,2
GDH9,19:55:01,1275.1200,5
GDH9,19:55:01,1352.4000,169
GDH9,19:55:01,1339.6240,1
GDH9,19:55:01,1223.6950,1
GDH9,19:55:01,1300.9810,10
GDH9,19:55:06,1313.7600,18
GDH9,19:56:00,1223.6950,2
GDH9,19:56:00,1300.9810,3
GDH9,19:56:00,1262.3380,4
GDH9,19:56:00,1249.4570,2
GDH9,19:56:00,1339.7280,2
GDH9,19:56:00,1249.5540,1
GDH9,19:56:00,1236.6720,4
GDH9,19:56:00,1352.6100,1
GDH9,19:56:00,1236.6720,10
GDH9,19:56:00,1262.4360,3
GDH9,19:56:00,1352.6100,1
GDH9,19:56:00,1288.2000,10
GDH9,19:56:00,1262.4360,10
GDH9,19:56:00,1326.8460,1
GDH9,19:56:00,1288.2000,8
GDH9,19:56:00,1262.4360,4
GDH9,19:56:00,1313.9640,30
GDH9,19:56:01,1326.8460,7
GDH9,19:56:01,1352.6100,5
GDH9,19:56:01,1262.4360,2
GDH9,19:56:01,1249.6510,1
GDH9,19:56:01,1339.8320,2
GDH9,19:56:01,1236.7680,2
GDH9,19:56:01,1339.8320,1
GDH9,19:56:01,1339.8320,10
GDH9,19:56:02,1313.9640,8
GDH9,19:56:09,1236.6720,1
GDH9,19:57:26,1249.5540,1
GDH9,19:58:52,1339.6240,1
GDH9,20:00:04,1262.3380,5
GDH9,20:00:04,1249.4570,10
GDH9,20:00:04,1275.2190,2
GDH9,20:00:04,1339.5200,1
GDH9,20:00:41,1275.3180,1
GDH9,20:00:41,1301.0820,1
GDH9,20:00:44,1223.7900,1
GDH9,20:01:13,1352.7150,1
GDH9,20:01:13,1249.6510,2
GDH9,20:01:13,1352.7150,1
GDH9,20:01:44,1262.5340,1
GDH9,20:02:07,1327.0520,12
GDH9,20:02:07,1249.7480,4
GDH9,20:02:07,1288.4000,2
GDH9,20:02:07,1262.6320,1
GDH9,20:02:07,1236.8640,33
GDH9,20:02:07,1275.5160,2
GDH9,20:02:07,1288.4000,17
GDH9,20:02:07,1275.5160,1
GDH9,20:02:07,1301.2840,4
GDH9,20:02:07,1223.9800,2
GDH9,20:02:07,1301.2840,1
GDH9,20:02:07,1275.5160,2
GDH9,20:02:07,1249.7480,8
GDH9,20:02:07,1275.5160,2
GDH9,20:02:07,1236.8640,1
GDH9,20:02:07,1249.7480,5
GDH9,20:03:22,1288.4000,1
GDH9,20:04:06,1352.6100,1
GDH9,20:07:20,1236.6720,1
GDH9,20:08:18,1326.8460,100
GDH9,20:08:27,1339.6240,5
GDH9,20:08:27,1275.2190,1
GDH9,20:08:27,1313.8620,10
GDH9,20:09:00,1262.2400,10
GDH9,20:09:00,1236.4800,5
GDH9,20:10:34,1261.8480,3
GDH9,20:10:34,1313.3520,1
GDH9,20:10:34,1326.2280,2
GDH9,20:10:34,1300.4760,1
GDH9,20:10:34,1351.9800,1
GDH9,20:10:34,1339.0000,8
GDH9,20:10:34,1339.0000,2
GDH9,20:10:34,1274.8230,1
GDH9,20:10:34,1236.0960,1
GDH9,20:10:34,1274.6250,1
GDH9,20:10:34,1274.6250,1
GDH9,20:10:38,1339.0000,1
GDH9,20:10:41,1300.3750,1
GDH9,20:10:45,1236.0000,2
GDH9,20:10:45,1261.7500,1
GDH9,20:10:45,1339.0000,1
GDH9,20:10:45,1223.1250,1
GDH9,20:11:01,1300.3750,1
GDH9,20:11:01,1261.7500,1
GDH9,20:11:09,1338.7920,5
GDH9,20:11:36,1248.6810,1
GDH9,20:11:40,1312.8420,6
GDH9,20:11:40,1248.3900,1
GDH9,20:11:40,1287.0000,9
GDH9,20:11:40,1325.6100,1
GDH9,20:11:40,1287.0000,11
GDH9,20:11:40,1222.6500,42
GDH9,20:11:40,1287.0000,34
GDH9,20:11:40,1287.0000,1
GDH9,20:11:40,1351.3500,5
GDH9,20:11:43,1248.3900,1
GDH9,20:13:20,1351.8750,1
GDH9,20:13:41,1222.6500,1
GDH9,20:13:41,1261.2600,1
GDH9,20:13:41,1274.1300,2
GDH9,20:13:41,1325.6100,1
GDH9,20:13:41,1287.0000,4
GDH9,20:13:41,1261.2600,6
GDH9,20:13:41,1235.5200,4
GDH9,20:13:41,1222.6500,1
GDH9,20:13:41,1312.7400,7
GDH9,20:13:41,1274.1300,8
GDH9,20:13:41,1235.5200,1
GDH9,20:13:47,1235.2320,1
GDH9,20:13:47,1273.8330,1
GDH9,20:13:51,1299.5670,3
GDH9,20:13:51,1222.3650,1
GDH9,20:13:59,1312.4340,1
GDH9,20:13:59,1325.3010,10
GDH9,20:14:04,1222.5550,1
GDH9,20:14:29,1248.1960,1
GDH9,20:14:30,1299.6680,1
GDH9,20:14:33,1338.2720,1
GDH9,20:14:52,1286.8000,1
GDH9,20:14:56,1312.5360,4
GDH9,20:14:56,1351.1400,1
GDH9,20:14:59,1325.3010,1
GDH9,20:15:11,1325.1980,1
GDH9,20:15:11,1350.9300,2
GDH9,20:15:11,1338.0640,1
GDH9,20:15:11,1273.7340,1
GDH9,20:15:13,1222.2700,10
GDH9,20:15:14,1338.1680,4
GDH9,20:15:14,1312.4340,2
GDH9,20:15:14,1351.0350,1
GDH9,20:15:42,1338.0640,1
GDH9,20:15:42,1222.2700,2
GDH9,20:15:42,1338.0640,4
GDH9,20:15:42,1273.7340,2
GDH9,20:15:42,1260.8680,1
GDH9,20:15:46,1312.3320,2
GDH9,20:15:47,1338.0640,1
GDH9,20:15:49,1325.0950,1
GDH9,20:15:53,1299.3650,11
GDH9,20:16:17,1299.3650,1
GDH9,20:16:17,1222.1750,2
GDH9,20:16:24,1337.9600,1
GDH9,20:16:30,1222.0800,4
GDH9,20:16:30,1234.9440,1
GDH9,20:16:47,1234.9440,1
GDH9,20:16:47,1324.9920,4
GDH9,20:16:47,1324.9920,2
GDH9,20:16:47,1312.1280,2
GDH9,20:16:47,1222.1750,1
GDH9,20:16:47,1234.8480,5
GDH9,20:16:53,1273.3380,1
GDH9,20:16:53,1311.9240,4
GDH9,20:16:54,1286.4000,1
GDH9,20:16:54,1273.5360,8
GDH9,20:17:06,1337.9600,9
GDH9,20:18:24,1312.2300,3
GDH9,20:18:24,1312.2300,3
GDH9,20:18:24,1260.7700,25
GDH9,20:18:24,1247.9050,14
GDH9,20:19:12,1235.1360,1
GDH9,20:19:43,1273.5360,1
GDH9,20:19:43,1234.9440,1
GDH9,20:19:43,1324.9920,1
GDH9,20:19:55,1260.4760,1
GDH9,20:20:32,1260.7700,1
GDH9,20:20:32,1350.8250,1
GDH9,20:22:53,1351.0350,1
GDH9,20:23:37,1234.9440,1
GDH9,20:23:37,1222.0800,2
GDH9,20:23:57,1350.7200,1
GDH9,20:25:35,1273.6350,1
GDH9,20:25:38,1273.5360,4
GDH9,20:26:22,1299.3650,6
GDH9,20:26:22,1350.8250,37
GDH9,20:26:22,1325.0950,5
GDH9,20:26:22,1325.0950,4
GDH9,20:26:22,1222.1750,2
GDH9,20:26:22,1286.5000,2
GDH9,20:26:22,1325.0950,5
GDH9,20:26:22,1235.0400,1
GDH9,20:26:22,1260.7700,12
GDH9,20:26:41,1286.5000,1
GDH9,20:27:57,1338.0640,6
GDH9,20:28:54,1286.6000,19
GDH9,20:28:54,1312.3320,11
GDH9,20:29:12,1325.1980,1
GDH9,20:29:14,1286.6000,1
GDH9,20:29:14,1286.6000,5
GDH9,20:29:14,1286.6000,4
GDH9,20:29:14,1260.8680,3
GDH9,20:29:14,1299.3650,1
GDH9,20:29:59,1325.0950,1
GDH9,20:29:59,1312.2300,5
GDH9,20:30:04,1260.5740,1
GDH9,20:30:05,1286.3000,1
GDH9,20:30:05,1350.6150,2
GDH9,20:30:05,1247.7110,3
GDH9,20:30:05,1221.8900,6
GDH9,20:30:10,1337.6480,4
GDH9,20:30:10,1273.3380,1
GDH9,20:31:03,1235.0400,1
GDH9,20:31:20,1350.8250,1
GDH9,20:31:22,1273.4370,1
GDH9,20:31:31,1312.1280,1
GDH9,20:31:34,1299.2640,1
GDH9,20:31:34,1273.6350,2
GDH9,20:32:59,1248.0990,2
GDH9,20:32:59,1273.8330,5
GDH9,20:32:59,1260.9660,20
GDH9,20:32:59,1312.4340,1
GDH9,20:33:04,1299.5670,20
GDH9,20:33:04,1260.9660,1
GDH9,20:33:04,1235.2320,8
GDH9,20:33:04,1260.9660,12
GDH9,20:34:37,1286.5000,3
GDH9,20:34:37,1350.8250,1
GDH9,20:34:37,1325.0950,2
GDH9,20:34:37,1273.6350,2
GDH9,20:34:37,1325.0950,1
GDH9,20:34:56,1286.6000,10
GDH9,20:35:28,1273.6350,20
GDH9,20:35:28,1286.5000,8
GDH9,20:35:28,1235.0400,72
GDH9,20:35:41,1273.7340,5
GDH9,20:36:26,1260.7700,1
GDH9,20:37:05,1260.6720,12
GDH9,20:37:45,1260.3780,1
GDH9,20:37:45,1234.6560,1
GDH9,20:37:46,1273.1400,4
GDH9,20:37:46,1337.4400,1
GDH9,20:37:46,1234.5600,1
GDH9,20:37:46,1247.4200,1
GDH9,20:37:46,1337.4400,1
GDH9,20:37:46,1298.8600,2
GDH9,20:37:46,1234.5600,1
GDH9,20:37:46,1311.7200,1
GDH9,20:37:46,1260.2800,1
GDH9,20:37:46,1350.3000,2
GDH9,20:38:35,1286.2000,3
GDH9,20:38:44,1350.4050,1
GDH9,20:38:44,1273.2390,2
GDH9,20:38:44,1324.6830,3
GDH9,20:38:45,1337.6480,1
GDH9,20:38:55,1260.2800,1
GDH9,20:39:00,1221.7950,4
GDH9,20:39:00,1350.4050,2
GDH9,20:39:09,1234.5600,4
GDH9,20:39:10,1298.8600,2
GDH9,20:39:10,1324.5800,1
GDH9,20:39:10,1298.8600,2
GDH9,20:39:10,1286.0000,1
GDH9,20:39:11,1234.5600,3
GDH9,20:39:11,1337.4400,2
GDH9,20:39:29,1273.1400,1
GDH9,20:39:29,1273.1400,1
GDH9,20:39:37,1260.2800,9
GDH9,20:40:04,1221.7000,4
GDH9,20:40:08,1234.5600,1
GDH9,20:40:09,1324.5800,5
GDH9,20:40:09,1337.4400,26
GDH9,20:40:14,1337.5440,1
GDH9,20:40:47,1260.4760,1
GDH9,20:40:47,1324.7860,2
GDH9,20:41:20,1337.3360,1
GDH9,20:41:21,1324.4770,1
GDH9,20:41:21,1221.6050,1
GDH9,20:41:21,1324.4770,1
GDH9,20:41:21,1298.7590,1
GDH9,20:41:21,1337.3360,2
GDH9,20:41:21,1311.6180,1
GDH9,20:41:21,1337.3360,1
GDH9,20:41:21,1337.3360,2
GDH9,20:41:21,1311.6180,4
GDH9,20:42:11,1273.2390,5
GDH9,20:42:11,1221.7950,16
GDH9,20:42:11,1247.5170,2
GDH9,20:42:11,1324.6830,7
GDH9,20:42:13,1273.2390,5
GDH9,20:43:18,1286.1000,2
GDH9,20:43:24,1350.5100,27
GDH9,20:43:25,1324.7860,1
GDH9,20:43:26,1337.7520,2
GDH9,20:43:26,1286.3000,10
GDH9,20:43:26,1260.5740,2
GDH9,20:43:26,1312.0260,1
GDH9,20:43:26,1260.5740,1
GDH9,20:43:26,1324.8890,7
GDH9,20:43:26,1221.9850,30
GDH9,20:43:26,1247.7110,19
GDH9,20:43:59,1337.7520,1
GDH9,20:48:36,1324.6830,46
GDH9,20:48:36,1260.3780,1
GDH9,20:48:36,1260.3780,5
GDH9,20:48:36,1337.7520,1
GDH9,20:48:36,1337.7520,1
GDH9,20:51:01,1337.8560,1
GDH9,20:51:01,1260.6720,2
GDH9,20:51:01,1337.8560,2
GDH9,20:51:18,1324.8890,1
GDH9,20:55:44,1350.7200,1
GDH9,20:56:15,1311.9240,1
GDH9,21:01:02,1234.6560,1
GDH9,21:01:36,1324.5800,7
GDH9,21:01:41,1298.8600,2
GDH9,21:01:41,1286.0000,1
GDH9,21:01:41,1337.4400,2
GDH9,21:01:54,1337.1280,5
GDH9,21:02:52,1247.4200,1
GDH9,21:05:19,1235.0400,1
GDH9,21:05:19,1247.8080,1
GDH9,21:05:19,1235.1360,1
GDH9,21:05:21,1338.0640,1
GDH9,21:06:01,1325.1980,1
GDH9,21:06:01,1222.3650,5
GDH9,21:06:01,1248.0990,20
GDH9,21:06:01,1312.4340,2
GDH9,21:06:01,1338.1680,1
GDH9,21:06:01,1312.4340,1
GDH9,21:07:10,1222.4600,1
GDH9,21:07:14,1286.8000,3
GDH9,21:07:36,1274.0310,20
GDH9,21:07:36,1287.0000,9
GDH9,21:07:36,1325.6100,2
GDH9,21:07:36,1287.0000,2
GDH9,21:07:36,1325.6100,1
GDH9,21:07:36,1248.3900,1
GDH9,21:07:36,1287.0000,20
GDH9,21:07:36,1299.8700,4
GDH9,21:07:36,1235.5200,1
GDH9,21:07:36,1274.1300,2
GDH9,21:07:36,1325.6100,1
GDH9,21:07:36,1351.3500,2
GDH9,21:07:36,1222.6500,1
GDH9,21:07:36,1287.0000,2
GDH9,21:07:36,1287.0000,2
GDH9,21:07:36,1338.4800,2
GDH9,21:07:36,1351.3500,27
GDH9,21:07:41,1235.4240,1
GDH9,21:07:41,1274.0310,2
GDH9,21:07:41,1351.1400,1
GDH9,21:07:43,1299.7690,1
GDH9,21:07:43,1248.2930,1
GDH9,21:07:43,1338.3760,2
GDH9,21:07:43,1286.9000,2
GDH9,21:07:43,1235.4240,2
GDH9,21:07:43,1325.5070,2
GDH9,21:07:45,1338.3760,2
GDH9,21:07:45,1351.2450,4
GDH9,21:07:45,1351.2450,2
GDH9,21:07:45,1325.5070,2
GDH9,21:08:20,1351.3500,5
GDH9,21:08:20,1274.1300,3
GDH9,21:08:22,1351.4550,1
GDH9,21:08:23,1299.9710,1
GDH9,21:08:25,1299.9710,1
GDH9,21:08:36,1235.6160,1
GDH9,21:08:36,1299.9710,2
GDH9,21:08:36,1235.6160,15
GDH9,21:08:36,1235.6160,5
GDH9,21:08:36,1312.8420,2
GDH9,21:08:36,1261.3580,1
GDH9,21:08:36,1287.1000,2
GDH9,21:08:36,1274.2290,2
GDH9,21:08:52,1299.9710,1
GDH9,21:09:15,1235.6160,2
GDH9,21:09:15,1274.2290,2
GDH9,21:09:15,1261.3580,9
GDH9,21:09:15,1351.4550,25
GDH9,21:09:15,1325.7130,7
GDH9,21:09:15,1261.3580,1
GDH9,21:10:00,1287.0000,4
GDH9,21:10:00,1235.5200,25
GDH9,21:10:00,1222.6500,8
GDH9,21:10:00,1325.6100,181
GDH9,21:10:09,1261.3580,1
GDH9,21:10:21,1351.5600,1
GDH9,21:10:35,1325.7130,1
GDH9,21:11:48,1235.7120,1
GDH9,21:12:02,1274.2290,1
GDH9,21:12:06,1261.5540,1
GDH9,21:12:06,1222.9350,2
GDH9,21:12:06,1300.1730,1
GDH9,21:12:14,1287.4000,1
GDH9,21:12:18,1287.4000,5
GDH9,21:12:24,1338.8960,43
GDH9,21:12:55,1274.5260,1
GDH9,21:12:55,1326.0220,4
GDH9,21:13:16,1222.9350,100
GDH9,21:13:16,1261.5540,114
GDH9,21:13:16,1300.1730,14
GDH9,21:13:16,1235.8080,14
GDH9,21:13:16,1338.7920,18
GDH9,21:14:13,1235.8080,6
GDH9,21:14:13,1325.9190,2
GDH9,21:14:13,1338.7920,4
GDH9,21:14:13,1351.6650,1
GDH9,21:14:13,1274.4270,100
GDH9,21:14:13,1274.4270,29
GDH9,21:14:13,1313.0460,25
GDH9,21:14:13,1235.8080,23
GDH9,21:14:13,1338.7920,20
GDH9,21:14:13,1351.6650,2
GDH9,21:14:13,1351.6650,1
GDH9,21:14:13,1222.9350,2
GDH9,21:14:13,1274.4270,92
GDH9,21:14:13,1313.0460,1
GDH9,21:14:13,1222.9350,5
GDH9,21:16:16,1248.8750,1
GDH9,21:16:16,1274.7240,1
GDH9,21:16:16,1300.4760,1
GDH9,21:16:16,1248.9720,2
GDH9,21:16:16,1339.1040,1
GDH9,21:16:16,1223.2200,2
GDH9,21:16:16,1351.9800,1
GDH9,21:16:16,1236.0960,1
GDH9,21:16:16,1274.7240,2
GDH9,21:16:25,1261.9460,1
GDH9,21:16:25,1326.3310,1
GDH9,21:16:25,1261.9460,10
GDH9,21:16:25,1313.4540,2
GDH9,21:16:29,1274.9220,1
GDH9,21:17:08,1223.3150,1
GDH9,21:17:43,1287.6000,1
GDH9,21:21:20,1248.8750,1
GDH9,21:21:43,1261.6520,1
GDH9,21:22:16,1338.7920,1
GDH9,21:22:17,1248.6810,1
GDH9,21:25:01,1222.9350,1
GDH9,21:30:25,1274.5260,1
GDH9,21:30:25,1223.0300,9
GDH9,21:30:25,1235.9040,7
GDH9,21:33:50,1338.5840,2
GDH9,21:33:51,1312.8420,1
GDH9,21:35:05,1235.8080,1
GDH9,21:36:22,1313.0460,2
GDH9,21:36:56,1351.4550,1
GDH9,21:38:08,1274.3280,2
GDH9,21:39:03,1235.8080,1
GDH9,21:40:03,1351.7700,1
GDH9,21:43:07,1300.3750,2
GDH9,21:44:48,1325.6100,1
GDH9,21:45:25,1286.9000,1
GDH9,21:45:25,1248.4870,1
GDH9,21:45:41,1235.5200,2
GDH9,21:46:58,1235.3280,1
GDH9,21:47:39,1222.5550,1
GDH9,21:48:23,1235.3280,1
GDH9,21:49:01,1338.3760,1
GDH9,21:49:36,1325.3010,2
GDH9,21:49:36,1286.7000,1
GDH9,21:49:36,1338.1680,1
GDH9,21:49:36,1248.0990,1
GDH9,21:49:36,1286.7000,2
GDH9,21:49:36,1286.7000,3
GDH9,21:49:52,1248.0990,3
GDH9,21:49:52,1248.0990,1
GDH9,21:49:52,1260.9660,20
GDH9,21:49:52,1260.9660,4
GDH9,21:49:52,1312.4340,2
GDH9,21:49:52,1222.2700,1
GDH9,21:49:52,1312.3320,4
GDH9,21:49:52,1273.7340,1
GDH9,21:49:52,1299.4660,3
GDH9,21:49:52,1312.3320,1
GDH9,21:49:52,1248.0990,1
GDH9,21:49:54,1299.4660,10
GDH9,21:49:58,1260.8680,10
GDH9,21:49:58,1273.7340,5
GDH9,21:49:58,1312.3320,4
GDH9,21:49:58,1248.0020,1
GDH9,21:50:02,1325.1980,3
GDH9,21:50:02,1248.0020,2
GDH9,21:50:02,1248.0020,15
GDH9,21:50:28,1273.6350,1
GDH9,21:50:58,1235.1360,1
GDH9,21:50:58,1235.1360,1
GDH9,21:50:58,1299.4660,2
GDH9,21:50:58,1235.1360,1
GDH9,21:50:58,1260.8680,3
GDH9,21:50:58,1350.9300,20
GDH9,21:50:58,1338.0640,5
GDH9,21:50:58,1299.4660,1
GDH9,21:50:58,1350.9300,6
GDH9,21:52:13,1273.5360,1
GDH9,21:52:13,1247.8080,1
GDH9,21:52:13,1234.9440,3
GDH9,21:52:13,1324.9920,20
GDH9,21:52:13,1286.4000,4
GDH9,21:52:13,1247.8080,1
GDH9,21:52:13,1299.2640,4
GDH9,21:52:13,1299.2640,5
GDH9,21:52:13,1299.2640,1
GDH9,21:52:13,1273.5360,2
GDH9,21:52:13,1222.0800,3
GDH9,21:53:22,1234.9440,1
GDH9,21:53:22,1324.9920,2
GDH9,21:53:22,1260.6720,2
GDH9,21:53:24,1337.8560,4
GDH9,21:53:24,1324.9920,1
GDH9,21:54:33,1350.6150,1
GDH9,21:56:06,1299.1630,1
GDH9,21:56:06,1221.9850,1
GDH9,21:56:12,1350.6150,1
GDH9,21:56:12,1221.9850,3
GDH9,21:56:44,1311.8220,1
GDH9,21:56:58,1234.6560,1
GDH9,21:57:02,1350.3000,1
GDH9,21:57:02,1337.4400,2
GDH9,21:57:25,1324.5800,5
GDH9,21:57:32,1298.7590,2
GDH9,21:57:32,1350.0900,4
GDH9,21:57:32,1337.2320,96
GDH9,21:57:32,1247.1290,4
GDH9,21:57:32,1234.2720,1
GDH9,21:57:32,1247.1290,20
GDH9,21:57:32,1285.7000,1
GDH9,21:57:32,1234.1760,1
GDH9,21:57:33,1259.9860,1
GDH9,21:57:56,1259.9860,1
GDH9,21:58:03,1298.6580,1
GDH9,21:59:14,1260.3780,2
GDH9,21:59:14,1234.6560,3
GDH9,21:59:15,1221.7950,2
GDH9,21:59:15,1221.7950,1
GDH9,21:59:15,1247.5170,1
GDH9,22:00:30,1260.4760,2
GDH9,22:00:30,1234.8480,1
GDH9,22:00:30,1286.3000,1
GDH9,22:00:30,1221.9850,1
GDH9,22:00:30,1260.5740,2
GDH9,22:00:30,1299.1630,3
GDH9,22:00:30,1299.1630,5
GDH9,22:01:12,1350.7200,1
GDH9,22:01:57,1312.2300,5
GDH9,22:01:57,1299.3650,2
GDH9,22:01:57,1235.0400,5
GDH9,22:01:57,1247.9050,1
GDH9,22:01:57,1222.1750,1
GDH9,22:01:57,1299.3650,1
GDH9,22:01:57,1273.6350,1
GDH9,22:01:57,1260.8680,1
GDH9,22:01:57,1299.4660,2
GDH9,22:01:57,1350.9300,2
GDH9,22:01:57,1273.7340,1
GDH9,22:01:57,1222.2700,20
GDH9,22:01:57,1299.4660,5
GDH9,22:01:57,1260.8680,3
GDH9,22:03:05,1324.9920,1
GDH9,22:03:05,1260.6720,1
GDH9,22:03:05,1247.8080,1
GDH9,22:04:41,1338.0640,1
GDH9,22:04:41,1312.3320,2
GDH9,22:04:41,1325.1980,1
GDH9,22:04:41,1260.8680,1
GDH9,22:05:31,1337.8560,1
GDH9,22:07:57,1337.6480,1
GDH9,22:07:57,1234.7520,1
GDH9,22:08:03,1299.1630,1
GDH9,22:17:05,1273.5360,1
GDH9,22:19:05,1350.4050,1
GDH9,22:19:05,1260.3780,5
GDH9,22:19:08,1273.1400,5
GDH9,22:19:24,1234.6560,1
GDH9,22:19:24,1234.6560,1
GDH9,22:19:24,1311.7200,2
GDH9,22:19:24,1221.6050,2
GDH9,22:19:43,1286.0000,1
GDH9,22:19:43,1350.3000,2
GDH9,22:20:08,1286.0000,1
GDH9,22:21:14,1337.4400,2
GDH9,22:21:23,1286.0000,4
GDH9,22:21:23,1247.4200,1
GDH9,22:21:24,1273.2390,2
GDH9,22:21:24,1350.4050,1
GDH9,22:21:24,1247.5170,3
GDH9,22:23:11,1324.6830,1
GDH9,22:27:33,1260.2800,1
GDH9,22:27:33,1324.5800,2
GDH9,22:29:15,1311.8220,6
GDH9,22:29:15,1324.6830,8
GDH9,22:30:03,1312.1280,2
GDH9,22:30:03,1234.9440,1
GDH9,22:30:03,1222.0800,1
GDH9,22:31:37,1338.1680,2
GDH9,22:31:45,1337.9600,1
GDH9,22:31:45,1273.6350,5
GDH9,22:31:45,1350.8250,8
GDH9,22:31:45,1325.0950,9
GDH9,22:31:45,1350.8250,2
GDH9,22:31:49,1222.1750,1
GDH9,22:32:33,1286.3000,3
GDH9,22:35:12,1234.7520,1
GDH9,22:35:41,1311.9240,1
GDH9,22:37:01,1350.3000,30
GDH9,22:37:06,1311.8220,1
GDH9,22:37:43,1273.1400,1
GDH9,22:38:26,1324.7860,1
GDH9,22:38:50,1337.6480,1
GDH9,22:38:57,1337.7520,1
GDH9,22:40:51,1222.0800,1
GDH9,22:43:32,1299.2640,1
GDH9,22:43:32,1260.6720,2
GDH9,22:45:24,1350.7200,1
GDH9,22:46:28,1337.9600,1
GDH9,22:47:38,1337.8560,1
GDH9,22:47:38,1286.4000,4
GDH9,22:48:55,1324.9920,1
GDH9,22:48:55,1273.5360,3
GDH9,22:51:39,1260.7700,2
GDH9,22:51:58,1247.9050,2
GDH9,22:52:55,1312.4340,2
GDH9,22:52:55,1325.3010,4
GDH9,22:53:53,1248.0020,1
GDH9,22:53:53,1235.1360,4
GDH9,22:53:53,1248.0020,2
GDH9,22:53:53,1222.2700,1
GDH9,22:53:53,1235.1360,1
GDH9,22:53:53,1338.0640,2
GDH9,22:53:53,1325.1980,20
GDH9,22:53:53,1312.3320,7
GDH9,22:53:53,1222.2700,2
GDH9,22:56:31,1338.2720,1
GDH9,22:58:11,1325.3010,4
GDH9,22:58:11,1235.2320,1
GDH9,22:58:11,1222.3650,2
GDH9,22:58:11,1273.8330,9
GDH9,22:58:11,1286.7000,4
GDH9,22:58:11,1351.0350,5
GDH9,22:58:11,1299.5670,5
GDH9,22:58:11,1248.0990,1
GDH9,22:58:11,1299.5670,1
GDH9,22:58:11,1222.3650,1
GDH9,22:58:11,1299.5670,1
GDH9,22:58:11,1273.8330,1
GDH9,22:58:11,1325.3010,100
GDH9,22:58:11,1325.3010,100
GDH9,22:58:11,1273.8330,100
GDH9,22:58:11,1338.1680,13
GDH9,22:58:11,1248.0990,6
GDH9,22:58:11,1286.7000,2
GDH9,22:58:11,1260.9660,1
GDH9,22:58:11,1312.4340,43
GDH9,22:58:11,1260.9660,1
GDH9,22:58:11,1222.2700,2
GDH9,22:58:11,1235.1360,1
GDH9,22:58:11,1235.1360,5
GDH9,22:58:11,1286.6000,5
GDH9,23:00:04,1299.2640,1
GDH9,23:00:04,1312.1280,2
GDH9,23:00:04,1286.4000,1
GDH9,23:03:32,1248.1960,3
GDH9,23:03:32,1351.1400,1
GDH9,23:04:30,1338.1680,3
GDH9,23:04:30,1273.8330,1
GDH9,23:15:24,1235.1360,1
GDH9,23:16:04,1325.1980,1
GDH9,23:16:04,1286.6000,1
GDH9,23:16:36,1222.3650,2
GDH9,23:16:59,1338.1680,1
GDH9,23:16:59,1299.5670,1
GDH9,23:16:59,1273.8330,1
GDH9,23:17:07,1325.1980,1
GDH9,23:17:07,1312.3320,1
GDH9,23:17:14,1273.8330,2
GDH9,23:17:14,1260.9660,1
GDH9,23:17:14,1286.7000,4
GDH9,23:17:14,1299.5670,4
GDH9,23:17:14,1260.9660,14
GDH9,23:17:50,1338.1680,2
GDH9,23:17:50,1312.4340,2
GDH9,23:17:50,1222.3650,175
GDH9,23:17:59,1260.9660,1
GDH9,23:18:02,1260.9660,1
GDH9,23:18:17,1312.4340,1
GDH9,23:18:17,1286.7000,2
GDH9,23:18:24,1325.3010,1
GDH9,23:18:24,1273.8330,1
GDH9,23:18:25,1312.5360,1
GDH9,23:18:25,1248.1960,1
GDH9,23:18:25,1312.5360,2
GDH9,23:18:25,1222.4600,5
GDH9,23:18:25,1312.5360,2
GDH9,23:18:25,1248.1960,5
GDH9,23:18:25,1222.4600,14
GDH9,23:18:25,1248.1960,186
GDH9,23:18:25,1261.0640,100
GDH9,23:18:25,1351.1400,5
GDH9,23:18:33,1222.4600,2
GDH9,23:18:33,1325.4040,1
GDH9,23:18:33,1235.3280,1
GDH9,23:18:33,1248.1960,1
GDH9,23:18:33,1273.9320,1
GDH9,23:18:33,1248.1960,8
GDH9,23:18:33,1351.1400,1
GDH9,23:18:33,1273.9320,5
GDH9,23:19:14,1248.2930,3
GDH9,23:19:16,1351.2450,1
GDH9,23:19:17,1299.7690,1
GDH9,23:19:31,1299.6680,1
GDH9,23:19:58,1338.2720,1
GDH9,23:20:02,1273.9320,1
GDH9,23:20:02,1338.2720,1
GDH9,23:20:02,1286.7000,5
GDH9,23:20:02,1338.1680,1
GDH9,23:20:02,1222.3650,5
GDH9,23:20:02,1286.7000,5
GDH9,23:20:02,1260.9660,1
GDH9,23:20:02,1351.0350,2
GDH9,23:20:02,1273.8330,2
GDH9,23:20:02,1260.9660,1
GDH9,23:20:02,1260.9660,1
GDH9,23:20:02,1338.1680,5
GDH9,23:20:02,1222.3650,28
GDH9,23:20:02,1248.0990,1
GDH9,23:20:02,1248.0990,41
GDH9,23:20:02,1260.9660,1
GDH9,23:20:39,1325.4040,2
GDH9,23:21:24,1338.1680,2
GDH9,23:21:43,1338.0640,2
GDH9,23:22:37,1286.8000,1
GDH9,23:22:37,1351.1400,2
GDH9,23:22:37,1312.5360,3
GDH9,23:22:37,1248.1960,2
GDH9,23:22:37,1351.1400,6
GDH9,23:22:37,1235.3280,1
GDH9,23:23:04,1338.2720,4
GDH9,23:23:04,1312.5360,1
GDH9,23:23:14,1235.3280,3
GDH9,23:23:26,1222.4600,2
GDH9,23:25:57,1273.9320,1
GDH9,23:26:23,1273.8330,1
GDH9,23:26:23,1248.0990,1
GDH9,23:28:20,1337.9600,1
GDH9,23:31:05,1235.3280,9
GDH9,23:31:05,1286.8000,9
GDH9,23:32:23,1338.4800,2
GDH9,23:32:23,1248.3900,8
GDH9,23:32:23,1287.0000,1
GDH9,23:32:23,1248.3900,2
GDH9,23:32:23,1274.1300,3
GDH9,23:32:23,1222.6500,21
GDH9,23:32:53,1235.5200,1
GDH9,23:33:18,1261.2600,1
GDH9,23:33:24,1222.6500,2
GDH9,23:33:24,1351.3500,1
GDH9,23:33:34,1287.2000,5
GDH9,23:33:48,1274.3280,4
GDH9,23:33:48,1222.8400,1
GDH9,23:33:48,1312.9440,2
GDH9,23:33:48,1338.6880,1
GDH9,23:33:48,1325.8160,1
GDH9,23:33:48,1248.5840,5
GDH9,23:33:48,1338.7920,4
GDH9,23:33:48,1338.7920,5
GDH9,23:33:48,1287.3000,7
GDH9,23:34:31,1248.4870,1
GDH9,23:34:47,1248.5840,1
GDH9,23:35:18,1222.6500,3
GDH9,23:36:53,1338.6880,1
GDH9,23:39:11,1312.8420,1
GDH9,23:40:06,1312.9440,1
GDH9,23:40:17,1287.2000,1
GDH9,23:40:55,1338.6880,1
GDH9,23:42:01,1235.8080,2
GDH9,23:43:16,1235.8080,2
GDH9,23:43:16,1261.5540,1
GDH9,23:43:16,1274.4270,1
GDH9,23:43:18,1222.9350,3
GDH9,23:43:19,1351.6650,2
GDH9,23:43:19,1338.7920,2
GDH9,23:43:19,1313.0460,2
GDH9,23:43:19,1287.4000,1
GDH9,23:45:00,1248.5840,1
GDH9,23:45:00,1235.7120,2
GDH9,23:46:53,1325.7130,1
GDH9,23:47:01,1261.2600,5
GDH9,23:47:02,1248.3900,25
GDH9,23:47:48,1338.4800,10
GDH9,23:47:48,1287.0000,5
GDH9,23:48:12,1325.8160,1
GDH9,23:48:52,1248.4870,7
GDH9,23:48:53,1235.5200,4
GDH9,23:48:59,1312.7400,1
GDH9,23:49:00,1312.7400,1
GDH9,23:49:01,1287.0000,1
GDH9,23:49:27,1325.9190,10
GDH9,23:49:27,1287.3000,6
GDH9,23:49:42,1338.8960,1
GDH9,23:49:48,1338.8960,4
GDH9,10:00:00,1326.8460,1
GDH9,10:00:00,1288.4000,1
GDH9,10:00:00,1275.7140,1
GDH9,10:00:00,1250.2330,1
GDH9,10:00:00,1237.3440,10
GDH9,10:00:00,1327.6700,5
GDH9,10:00:00,1340.5600,1
GDH9,10:00:00,1237.4400,1
GDH9,10:00:00,1276.3080,1
GDH9,10:00:00,1302.9000,1
GDH9,10:00:00,1315.8000,1
GDH9,10:00:00,1251.3000,1
GDH9,10:00:00,1251.3000,27
GDH9,10:00:00,1238.4000,4
GDH9,10:00:01,1354.3950,1
GDH9,10:00:01,1277.0010,1
GDH9,10:00:01,1225.4050,4
GDH9,10:00:03,1251.2030,4
GDH9,10:00:03,1328.2880,1
GDH9,10:00:11,1225.5000,19
GDH9,10:00:11,1290.0000,2
GDH9,10:00:11,1225.5000,3
GDH9,10:00:11,1341.6000,6
GDH9,10:00:11,1302.9000,4
GDH9,10:00:12,1264.1020,10
GDH9,10:00:15,1289.9000,1
GDH9,10:00:16,1238.3040,4
GDH9,10:00:16,1328.7000,1
GDH9,10:00:32,1290.1000,1
GDH9,10:00:32,1328.9060,1
GDH9,10:00:33,1264.2000,1
GDH9,10:00:33,1277.1000,4
GDH9,10:00:33,1290.2000,9
GDH9,10:00:33,1328.9060,1
GDH9,10:00:33,1277.3970,2
GDH9,10:00:33,1303.2030,1
GDH9,10:00:33,1251.5910,5
GDH9,10:00:33,1277.3970,1
GDH9,10:00:33,1225.7850,5
GDH9,10:00:33,1238.7840,3
GDH9,10:00:33,1341.9120,3
GDH9,10:00:33,1316.1060,3
GDH9,10:00:40,1329.0090,4
GDH9,10:00:40,1303.2030,1
GDH9,10:00:41,1316.1060,1
GDH9,10:00:41,1354.7100,1
GDH9,10:00:42,1225.7850,3
GDH9,10:00:42,1328.9060,1
GDH9,10:00:44,1328.9060,1
GDH9,10:00:45,1290.2000,1
GDH9,10:00:45,1277.2980,5
GDH9,10:00:45,1225.6900,10
GDH9,10:00:45,1316.0040,1
GDH9,10:00:45,1277.2980,4
GDH9,10:00:49,1238.5920,1
GDH9,10:00:53,1238.6880,8
GDH9,10:00:59,1277.2980,1
GDH9,10:01:00,1290.2000,1
GDH9,10:01:00,1341.8080,1
GDH9,10:01:01,1238.5920,1
GDH9,10:01:02,1316.1060,1
GDH9,10:01:02,1316.1060,4
GDH9,10:01:03,1354.8150,1
GDH9,10:01:03,1277.3970,7
GDH9,10:01:05,1303.3040,1
GDH9,10:01:06,1342.0160,1
GDH9,10:01:06,1277.4960,10
GDH9,10:01:06,1303.3040,1
GDH9,10:01:06,1264.5920,5
GDH9,10:01:06,1277.4960,1
GDH9,10:01:06,1264.6900,10
GDH9,10:01:06,1277.5950,5
GDH9,10:01:06,1277.5950,1
GDH9,10:01:06,1251.7850,5
GDH9,10:01:06,1290.6000,1
GDH9,10:01:06,1277.6940,11
GDH9,10:01:06,1264.6900,3
GDH9,10:01:06,1251.7850,1
GDH9,10:01:06,1303.4050,1
GDH9,10:01:06,1225.9750,1
GDH9,10:01:06,1264.6900,4
GDH9,10:01:06,1238.8800,1
GDH9,10:01:06,1329.3180,9
GDH9,10:01:06,1226.0700,1
GDH9,10:01:06,1238.9760,1
GDH9,10:01:06,1238.9760,6
GDH9,10:01:06,1329.3180,1
GDH9,10:01:06,1277.6940,5
GDH9,10:01:06,1316.5140,10
GDH9,10:01:06,1251.9790,6
GDH9,10:01:07,1342.2240,2
GDH9,10:01:07,1329.3180,8
GDH9,10:01:07,1290.6000,1
GDH9,10:01:07,1226.0700,11
GDH9,10:01:07,1329.3180,3
GDH9,10:01:08,1225.8800,1
GDH9,10:01:08,1329.1120,2
GDH9,10:01:09,1329.3180,1
GDH9,10:01:09,1342.2240,3
GDH9,10:01:18,1303.5060,2
GDH9,10:01:28,1251.7850,1
GDH9,10:01:28,1225.9750,5
GDH9,10:01:33,1251.6880,3
GDH9,10:01:33,1303.3040,2
GDH9,10:01:33,1342.0160,1
GDH9,10:01:33,1329.1120,1
GDH9,10:01:33,1251.6880,1
GDH9,10:01:33,1303.3040,1
GDH9,10:01:33,1342.0160,1
GDH9,10:01:33,1329.1120,1
GDH9,10:01:33,1303.3040,5
GDH9,10:01:33,1342.0160,2
GDH9,10:01:33,1354.9200,1
GDH9,10:01:45,1264.5920,1
GDH9,10:01:45,1238.7840,1
GDH9,10:01:45,1251.6880,2
GDH9,10:01:45,1303.3040,1
GDH9,10:01:45,1277.4960,2
GDH9,10:01:45,1238.7840,1
GDH9,10:01:45,1238.8800,1
GDH9,10:01:45,1290.5000,1
GDH9,10:01:48,1316.2080,10
GDH9,10:01:49,1316.3100,1
GDH9,10:02:08,1316.2080,2
GDH9,10:02:09,1277.4960,2
GDH9,10:02:10,1251.6880,1
GDH9,10:02:10,1277.4960,2
GDH9,10:02:47,1264.5920,1
GDH9,10:02:47,1303.3040,9
GDH9,10:02:48,1225.8800,1
GDH9,10:02:48,1277.4960,5
GDH9,10:02:57,1329.1120,14
GDH9,10:03:11,1303.2030,2
GDH9,10:03:11,1354.8150,7
GDH9,10:03:11,1354.8150,1
GDH9,10:03:11,1277.3970,2
GDH9,10:03:11,1329.0090,10
GDH9,10:03:11,1303.2030,1
GDH9,10:03:11,1316.1060,25
GDH9,10:03:11,1277.3970,2
GDH9,10:03:11,1303.2030,6
GDH9,10:03:11,1354.8150,9
GDH9,10:03:11,1225.7850,1
GDH9,10:03:11,1264.4940,2
GDH9,10:03:11,1277.3970,5
GDH9,10:03:11,1341.9120,6
GDH9,10:03:14,1225.7850,21
GDH9,10:03:14,1277.3970,9
GDH9,10:03:14,1277.3970,5
GDH9,10:03:15,1251.5910,1
GDH9,10:03:18,1303.2030,1
GDH9,10:03:19,1354.8150,5
GDH9,10:03:30,1290.4000,4
GDH9,10:03:33,1225.7850,50
GDH9,10:03:33,1264.4940,5
GDH9,10:03:33,1264.4940,5
GDH9,10:03:33,1354.8150,3
GDH9,10:03:33,1238.6880,5
GDH9,10:03:33,1264.4940,3
GDH9,10:03:33,1341.9120,5
GDH9,10:03:33,1264.4940,3
GDH9,10:03:42,1328.9060,1
GDH9,10:03:49,1354.6050,8
GDH9,10:03:49,1277.1990,2
GDH9,10:03:49,1290.0000,6
GDH9,10:03:49,1251.3000,1
GDH9,10:03:49,1251.3000,6
GDH9,10:03:49,1264.2000,1
GDH9,10:03:49,1341.6000,1
GDH9,10:03:49,1238.4000,5
GDH9,10:03:49,1277.1000,1
GDH9,10:03:49,1225.5000,1
GDH9,10:03:49,1277.1000,1
GDH9,10:03:49,1290.0000,5
GDH9,10:03:49,1354.5000,12
GDH9,10:04:00,1264.2980,2
GDH9,10:04:08,1277.1990,1
GDH9,10:04:10,1354.7100,1
GDH9,10:04:18,1341.7040,1
GDH9,10:04:58,1354.6050,1
GDH9,10:05:05,1341.8080,1
GDH9,10:05:10,1264.3960,1
GDH9,10:05:37,1238.5920,1
GDH9,10:06:22,1225.5950,4
GDH9,10:06:59,1341.7040,1
GDH9,10:06:59,1251.3970,9
GDH9,10:07:10,1238.5920,1
GDH9,10:07:38,1290.3000,5
GDH9,10:07:38,1303.2030,1
GDH9,10:07:38,1341.9120,2
GDH9,10:08:12,1303.2030,10
GDH9,10:08:16,1290.3000,3
GDH9,10:08:26,1316.2080,25
GDH9,10:08:26,1290.4000,2
GDH9,10:08:26,1238.7840,37
GDH9,10:08:26,1264.5920,2
GDH9,10:08:26,1290.4000,2
GDH9,10:08:26,1264.5920,1
GDH9,10:08:32,1329.1120,2
GDH9,10:08:37,1355.0250,1
GDH9,10:08:37,1290.5000,1
GDH9,10:08:37,1355.0250,1
GDH9,10:08:37,1251.7850,1
GDH9,10:08:37,1329.2150,2
GDH9,10:08:37,1342.1200,14
GDH9,10:08:37,1264.6900,13
GDH9,10:08:37,1238.8800,9
GDH9,10:08:37,1329.2150,25
GDH9,10:08:37,1342.1200,13
GDH9,10:08:37,1225.9750,7
GDH9,10:08:37,1303.4050,13
GDH9,10:08:37,1225.9750,6
GDH9,10:08:37,1225.9750,2
GDH9,10:08:37,1355.0250,9
GDH9,10:08:37,1251.7850,266
GDH9,10:08:37,1251.7850,5
GDH9,10:08:37,1342.1200,10
GDH9,10:08:37,1355.0250,3
GDH9,10:08:37,1290.5000,5
GDH9,10:08:43,1303.3040,1
GDH9,10:09:25,1290.4000,1
GDH9,10:09:35,1264.7880,1
GDH9,10:09:35,1329.3180,2
GDH9,10:09:35,1329.5240,2
GDH9,10:09:35,1303.7080,4
GDH9,10:09:35,1342.4320,3
GDH9,10:09:35,1355.3400,7
GDH9,10:09:35,1355.4450,6
GDH9,10:09:35,1303.8090,3
GDH9,10:09:35,1265.0820,384
GDH9,10:09:35,1226.3550,80
GDH9,10:09:35,1329.6270,36
GDH9,10:09:35,1316.8200,1
GDH9,10:09:35,1239.3600,1
GDH9,10:09:35,1226.4500,1
GDH9,10:09:35,1252.2700,1
GDH9,10:09:35,1355.5500,2
GDH9,10:09:35,1316.8200,2
GDH9,10:09:35,1278.0900,5
GDH9,10:09:35,1252.2700,1
GDH9,10:09:35,1278.0900,6
GDH9,10:09:35,1226.4500,1
GDH9,10:09:35,1291.0000,2
GDH9,10:09:35,1329.7300,7
GDH9,10:09:35,1226.4500,13
GDH9,10:09:35,1226.5450,2
GDH9,10:09:35,1278.1890,1
GDH9,10:09:35,1278.1890,2
GDH9,10:09:35,1355.6550,1
GDH9,10:09:35,1291.1000,18
GDH9,10:09:35,1291.1000,2
GDH9,10:09:35,1303.9100,2
GDH9,10:09:35,1355.5500,11
GDH9,10:09:35,1252.2700,2
GDH9,10:09:35,1316.8200,1
GDH9,10:09:35,1252.2700,1
GDH9,10:09:35,1265.1800,2
GDH9,10:09:35,1316.9220,13
GDH9,10:09:35,1342.6400,3
GDH9,10:09:35,1342.6400,7
GDH9,10:09:35,1252.3670,4
GDH9,10:09:35,1303.9100,2
GDH9,10:09:35,1278.0900,1
GDH9,10:09:35,1277.9910,3
GDH9,10:09:35,1303.8090,1
GDH9,10:09:35,1226.3550,1
GDH9,10:09:35,1303.8090,4
GDH9,10:09:35,1252.2700,2
GDH9,10:09:35,1355.5500,1
GDH9,10:09:35,1291.0000,1
GDH9,10:09:35,1342.6400,5
GDH9,10:09:35,1355.5500,3
GDH9,10:09:35,1355.5500,10
GDH9,10:09:35,1239.2640,5
GDH9,10:09:35,1290.9000,4
GDH9,10:09:35,1277.9910,3
GDH9,10:09:35,1252.1730,3
GDH9,10:09:35,1226.3550,3
GDH9,10:09:35,1342.5360,2
GDH9,10:09:35,1239.2640,1
GDH9,10:09:35,1252.1730,2
GDH9,10:09:35,1342.6400,1
GDH9,10:09:35,1329.7300,1
GDH9,10:09:35,1226.3550,1
GDH9,10:09:35,1355.4450,1
GDH9,10:09:35,1342.5360,5
GDH9,10:09:35,1252.1730,4
GDH9,10:09:35,1265.0820,5
GDH9,10:09:35,1355.4450,1
GDH9,10:09:35,1303.8090,4
GDH9,10:09:35,1303.8090,6
GDH9,10:09:35,1355.4450,1
GDH9,10:09:35,1252.1730,3
GDH9,10:09:35,1342.5360,2
GDH9,10:09:35,1303.8090,3
GDH9,10:09:35,1265.0820,3
GDH9,10:09:35,1355.4450,4
GDH9,10:09:35,1342.5360,2
GDH9,10:09:35,1252.1730,4
GDH9,10:09:35,1355.3400,3
GDH9,10:09:35,1342.4320,6
GDH9,10:09:35,1329.5240,1
GDH9,10:09:35,1303.7080,7
GDH9,10:09:35,1265.0820,1
GDH9,10:09:35,1316.7180,5
GDH9,10:09:35,1291.0000,4
GDH9,10:09:35,1252.2700,1
GDH9,10:09:35,1278.0900,1
GDH9,10:09:35,1252.2700,1
GDH9,10:09:35,1278.0900,2
GDH9,10:09:35,1278.0900,2
GDH9,10:09:35,1291.0000,1
GDH9,10:09:35,1252.2700,1
GDH9,10:09:35,1239.3600,2
GDH9,10:09:35,1303.9100,1
GDH9,10:09:35,1355.5500,3
GDH9,10:09:35,1329.7300,3
GDH9,10:09:35,1329.7300,3
GDH9,10:09:35,1226.4500,1
GDH9,10:09:35,1252.2700,2
GDH9,10:09:36,1342.7440,20
GDH9,10:09:36,1316.8200,2
GDH9,10:09:36,1265.1800,3
GDH9,10:09:36,1278.0900,3
GDH9,10:09:36,1329.7300,3
GDH9,10:09:36,1355.5500,1
GDH9,10:09:36,1316.8200,4
GDH9,10:09:36,1355.5500,1
GDH9,10:09:36,1303.9100,2
GDH9,10:09:36,1316.9220,98
GDH9,10:09:36,1329.7300,3
GDH9,10:09:36,1226.5450,2
GDH9,10:09:40,1303.8090,1
GDH9,10:09:44,1316.7180,5
GDH9,10:09:44,1239.2640,5
GDH9,10:10:07,1265.0820,1
GDH9,10:10:07,1329.6270,1
GDH9,10:10:07,1226.4500,1
GDH9,10:10:07,1303.9100,2
GDH9,10:10:11,1264.9840,2
GDH9,10:10:11,1329.5240,3
GDH9,10:10:11,1355.3400,3
GDH9,10:10:11,1316.6160,2
GDH9,10:10:11,1316.6160,1
GDH9,10:10:11,1329.5240,11
GDH9,10:10:11,1226.2600,5
GDH9,10:10:11,1316.6160,5
GDH9,10:10:11,1277.8920,3
GDH9,10:10:11,1264.8860,1
GDH9,10:10:11,1239.0720,2
GDH9,10:10:11,1290.7000,11
GDH9,10:10:11,1303.6070,1
GDH9,10:10:33,1226.2600,1
GDH9,10:10:53,1316.6160,1
GDH9,10:11:34,1238.9760,2
GDH9,10:11:34,1329.3180,1
GDH9,10:11:34,1251.8820,1
GDH9,10:11:34,1226.0700,2
GDH9,10:11:41,1251.8820,1
GDH9,10:11:50,1226.0700,1
GDH9,10:11:51,1303.6070,1
GDH9,10:12:03,1277.7930,1
GDH9,10:12:03,1239.0720,2
GDH9,10:12:03,1251.9790,1
GDH9,10:12:03,1316.5140,2
GDH9,10:12:03,1277.7930,6
GDH9,10:12:03,1316.5140,5
GDH9,10:12:03,1251.9790,2
GDH9,10:12:03,1355.2350,1
GDH9,10:12:03,1290.7000,1
GDH9,10:12:03,1252.0760,3
GDH9,10:12:20,1355.2350,2
GDH9,10:12:20,1303.6070,1
GDH9,10:12:20,1239.0720,1
GDH9,10:12:20,1226.1650,2
GDH9,10:12:20,1303.6070,2
GDH9,10:12:20,1290.7000,6
GDH9,10:12:20,1316.5140,2
GDH9,10:12:20,1316.5140,5
GDH9,10:12:20,1277.7930,9
GDH9,10:12:20,1303.7080,7
GDH9,10:12:20,1342.4320,5
GDH9,10:12:20,1329.5240,4
GDH9,10:12:20,1342.4320,2
GDH9,10:12:20,1239.1680,1
GDH9,10:12:20,1329.5240,3
GDH9,10:12:20,1226.2600,8
GDH9,10:13:04,1226.0700,1
GDH9,10:13:10,1303.5060,4
GDH9,10:13:13,1342.1200,2
GDH9,10:13:13,1290.5000,1
GDH9,10:13:13,1342.1200,2
GDH9,10:13:13,1251.7850,1
GDH9,10:13:13,1290.5000,4
GDH9,10:13:32,1264.5920,4
GDH9,10:13:41,1290.3000,1
GDH9,10:13:46,1316.2080,3
GDH9,10:14:09,1251.6880,1
GDH9,10:14:11,1277.5950,1
GDH9,10:14:11,1316.3100,3
GDH9,10:14:11,1238.8800,5
GDH9,10:14:57,1238.9760,1
GDH9,10:14:57,1290.6000,2
GDH9,10:16:15,1290.7000,1
GDH9,10:16:15,1251.9790,19
GDH9,10:16:25,1329.5240,1
GDH9,10:16:26,1329.4210,1
GDH9,10:16:36,1226.3550,1
GDH9,10:16:36,1226.3550,1
GDH9,10:16:46,1342.6400,1
GDH9,10:16:46,1226.4500,2
GDH9,10:16:46,1355.5500,3
GDH9,10:16:46,1355.5500,2
GDH9,10:16:46,1329.7300,4
GDH9,10:16:46,1239.3600,9
GDH9,10:16:46,1329.7300,1
GDH9,10:16:47,1329.7300,2
GDH9,10:16:47,1329.7300,1
GDH9,10:16:47,1316.8200,4
GDH9,10:16:47,1291.0000,5
GDH9,10:16:47,1329.8330,63
GDH9,10:16:47,1291.1000,5
GDH9,10:16:47,1342.7440,5
GDH9,10:16:47,1342.7440,1
GDH9,10:16:47,1316.9220,1
GDH9,10:16:47,1291.1000,5
GDH9,10:16:47,1252.3670,20
GDH9,10:16:47,1329.8330,18
GDH9,10:16:47,1239.4560,60
GDH9,10:16:47,1226.5450,6
GDH9,10:16:47,1278.1890,66
GDH9,10:16:47,1239.4560,73
GDH9,10:16:47,1329.8330,10
GDH9,10:16:47,1265.2780,67
GDH9,10:16:47,1342.7440,1
GDH9,10:16:47,1329.9360,3
GDH9,10:16:47,1304.1120,6
GDH9,10:16:47,1329.9360,5
GDH9,10:16:47,1252.4640,20
GDH9,10:16:47,1252.4640,3
GDH9,10:16:47,1226.5450,5
GDH9,10:16:47,1226.5450,5
GDH9,10:16:47,1291.1000,5
GDH9,10:16:47,1278.2880,197
GDH9,10:16:47,1291.2000,24
GDH9,10:16:47,1239.5520,8
GDH9,10:16:47,1329.9360,68
GDH9,10:16:47,1304.1120,1
GDH9,10:16:47,1355.7600,1
GDH9,10:16:47,1317.0240,1
GDH9,10:16:47,1355.7600,1
GDH9,10:16:47,1317.0240,1
GDH9,10:16:47,1342.8480,86
GDH9,10:16:47,1317.0240,2
GDH9,10:16:47,1226.6400,5
GDH9,10:16:47,1329.9360,10
GDH9,10:16:47,1355.7600,2
GDH9,10:16:47,1265.3760,8
GDH9,10:16:47,1252.4640,2
GDH9,10:16:47,1342.8480,6
GDH9,10:16:47,1278.3870,6
GDH9,10:16:47,1239.6480,3
GDH9,10:16:47,1226.7350,5
GDH9,10:16:47,1355.8650,20
GDH9,10:16:47,1342.9520,25
GDH9,10:16:47,1239.5520,2
GDH9,10:16:47,1329.9360,6
GDH9,10:16:47,1317.1260,55
GDH9,10:16:47,1291.2000,4
GDH9,10:16:50,1265.3760,1
GDH9,10:16:50,1239.5520,2
GDH9,10:16:50,1317.0240,1
GDH9,10:16:50,1291.2000,2
GDH9,10:16:53,1317.1260,6
GDH9,10:17:00,1304.1120,7
GDH9,10:17:12,1329.7300,3
GDH9,10:17:42,1278.0900,2
GDH9,10:17:42,1265.1800,1
GDH9,10:17:49,1291.0000,1
GDH9,10:18:01,1355.4450,1
GDH9,10:18:01,1355.4450,1
GDH9,10:18:01,1316.7180,1
GDH9,10:18:22,1355.4450,20
GDH9,10:18:22,1355.4450,1
GDH9,10:18:22,1226.3550,1
GDH9,10:18:48,1355.3400,1
GDH9,10:18:48,1342.4320,6
GDH9,10:19:27,1355.4450,3
GDH9,10:19:39,1265.0820,3
GDH9,10:19:40,1239.2640,1
GDH9,10:19:49,1239.1680,6
GDH9,10:19:49,1290.8000,3
GDH9,10:19:49,1303.7080,3
GDH9,10:19:49,1303.7080,3
GDH9,10:19:49,1277.8920,1
GDH9,10:19:49,1226.3550,1
GDH9,10:19:49,1355.2350,2
GDH9,10:19:49,1342.3280,1
GDH9,10:19:49,1277.7930,4
GDH9,10:19:49,1355.3400,1
GDH9,10:20:28,1303.5060,1
GDH9,10:20:28,1329.3180,2
GDH9,10:20:28,1238.9760,3
GDH9,10:20:56,1329.5240,1
GDH9,10:21:14,1290.6000,2
GDH9,10:21:14,1342.2240,1
GDH9,10:21:31,1316.3100,2
GDH9,10:21:31,1303.4050,1
GDH9,10:21:31,1264.6900,2
GDH9,10:21:35,1264.6900,1
GDH9,10:21:46,1226.0700,1
GDH9,10:21:46,1277.6940,1
GDH9,10:22:23,1226.0700,1
GDH9,10:22:45,1251.6880,1
GDH9,10:23:13,1316.4120,2
GDH9,10:23:13,1251.8820,1
GDH9,10:23:13,1277.6940,7
GDH9,10:23:13,1264.7880,5
GDH9,10:23:18,1277.6940,1
GDH9,10:23:31,1238.7840,1
GDH9,10:23:40,1342.0160,1
GDH9,10:23:58,1329.0090,2
GDH9,10:23:59,1238.6880,1
GDH9,10:24:05,1354.8150,1
GDH9,10:24:05,1277.3970,2
GDH9,10:24:05,1341.9120,2
GDH9,10:24:15,1225.8800,1
GDH9,10:24:19,1264.5920,1
GDH9,10:24:19,1225.9750,1
GDH9,10:24:19,1277.5950,7
GDH9,10:24:19,1342.1200,1
GDH9,10:24:24,1290.3000,1
GDH9,10:24:24,1277.3970,2
GDH9,10:24:34,1316.3100,4
GDH9,10:25:10,1277.6940,9
GDH9,10:25:10,1251.8820,2
GDH9,10:25:10,1277.6940,4
GDH9,10:25:54,1226.1650,1
GDH9,10:25:54,1239.0720,3
GDH9,10:25:55,1252.0760,1
GDH9,10:25:55,1239.1680,1
GDH9,10:26:10,1355.2350,1
GDH9,10:27:53,1303.3040,1
GDH9,10:27:59,1238.8800,1
GDH9,10:28:09,1277.5950,1
GDH9,10:28:51,1316.1060,1
GDH9,10:30:30,1277.3970,2
GDH9,10:32:25,1238.5920,1
GDH9,10:33:27,1316.0040,1
GDH9,10:33:27,1354.7100,5
GDH9,10:33:27,1238.5920,1
GDH9,10:33:27,1341.8080,2
GDH9,10:33:27,1303.1020,1
GDH9,10:34:37,1341.7040,1
GDH9,10:35:00,1316.1060,1
GDH9,10:35:00,1354.8150,9
GDH9,10:36:07,1316.0040,1
GDH9,10:36:07,1303.0010,20
GDH9,10:36:07,1238.4000,2
GDH9,10:36:07,1341.6000,1
GDH9,10:36:07,1290.0000,2
GDH9,10:36:08,1354.5000,1
GDH9,10:36:08,1354.5000,1
GDH9,10:36:23,1264.2000,1
GDH9,10:36:23,1225.5000,1
GDH9,10:36:58,1328.8030,7
GDH9,10:36:58,1225.5950,3
GDH9,10:37:04,1328.9060,1
GDH9,10:37:45,1303.2030,5
GDH9,10:38:49,1290.3000,1
GDH9,10:38:51,1251.5910,4
GDH9,10:40:12,1238.8800,2
GDH9,10:40:12,1277.5950,3
GDH9,10:40:12,1303.4050,2
GDH9,10:40:12,1264.6900,4
GDH9,10:40:12,1342.3280,1
GDH9,10:40:26,1264.8860,1
GDH9,10:40:26,1226.1650,2
GDH9,10:40:26,1303.6070,2
GDH9,10:41:04,1355.2350,2
GDH9,10:41:04,1277.7930,2
GDH9,10:41:04,1226.1650,1
GDH9,10:41:04,1355.2350,3
GDH9,10:41:21,1251.9790,2
GDH9,10:42:38,1225.7850,1
GDH9,10:42:49,1238.6880,1
GDH9,10:43:09,1290.5000,1
GDH9,10:43:11,1251.5910,1
GDH9,10:43:11,1290.3000,1
GDH9,10:43:12,1264.4940,1
GDH9,10:44:08,1238.8800,1
GDH9,10:44:08,1342.1200,4
GDH9,10:44:34,1290.6000,1
GDH9,10:44:34,1238.9760,1
GDH9,10:44:34,1277.6940,2
GDH9,10:44:34,1355.0250,1
GDH9,10:44:34,1342.1200,3
GDH9,10:44:34,1225.9750,5
GDH9,10:44:34,1238.8800,2
GDH9,10:44:34,1355.0250,1
GDH9,10:44:34,1277.5950,5
GDH9,10:44:34,1342.1200,10
GDH9,10:44:34,1238.8800,5
GDH9,10:44:34,1277.4960,1
GDH9,10:44:34,1264.5920,1
GDH9,10:44:34,1329.1120,2
GDH9,10:44:34,1225.8800,1
GDH9,10:44:34,1329.1120,5
GDH9,10:44:34,1251.6880,2
GDH9,10:44:34,1316.2080,6
GDH9,10:44:34,1225.8800,10
GDH9,10:44:34,1303.3040,20
GDH9,10:44:34,1341.9120,5
GDH9,10:44:34,1290.3000,1
GDH9,10:44:34,1290.3000,2
GDH9,10:44:34,1354.8150,1
GDH9,10:44:34,1238.6880,1
GDH9,10:44:34,1290.3000,1
GDH9,10:44:34,1277.3970,1
GDH9,10:44:34,1238.6880,4
GDH9,10:44:34,1238.8800,2
GDH9,10:44:34,1251.7850,1
GDH9,10:44:34,1277.6940,1
GDH9,10:44:43,1238.9760,2
GDH9,10:44:43,1226.0700,1
GDH9,10:44:43,1251.8820,2
GDH9,10:44:43,1251.8820,1
GDH9,10:45:11,1329.5240,1
GDH9,10:45:11,1316.6160,1
GDH9,10:45:32,1226.1650,1
GDH9,10:45:36,1277.9910,1
GDH9,10:45:36,1239.2640,1
GDH9,10:45:37,1277.9910,1
GDH9,10:45:37,1329.7300,1
GDH9,10:45:37,1252.2700,1
GDH9,10:45:37,1303.9100,2
GDH9,10:45:37,1329.7300,2
GDH9,10:45:37,1291.0000,2
GDH9,10:45:37,1278.0900,5
GDH9,10:45:37,1316.8200,2
GDH9,10:45:37,1355.5500,5
GDH9,10:45:37,1304.0110,2
GDH9,10:45:37,1252.2700,2
GDH9,10:46:02,1251.9790,1
GDH9,10:46:51,1355.2350,1
GDH9,10:46:51,1329.4210,1
GDH9,10:47:45,1303.7080,4
GDH9,10:48:18,1303.9100,50
GDH9,10:48:33,1226.4500,2
GDH9,10:48:33,1316.8200,1
GDH9,10:48:33,1239.3600,2
GDH9,10:48:33,1226.4500,5
GDH9,10:48:33,1252.2700,6
GDH9,10:48:33,1329.7300,1
GDH9,10:48:33,1355.5500,3
GDH9,10:48:33,1252.2700,5
GDH9,10:48:33,1265.1800,2
GDH9,10:48:33,1239.3600,1
GDH9,10:48:33,1355.5500,2
GDH9,10:48:33,1252.2700,2
GDH9,10:48:33,1226.4500,2
GDH9,10:48:33,1342.6400,1
GDH9,10:48:33,1239.3600,2
GDH9,10:48:33,1316.8200,2
GDH9,10:48:33,1252.2700,1
GDH9,10:48:33,1291.0000,2
GDH9,10:48:33,1316.8200,53
GDH9,10:48:34,1252.2700,1
GDH9,10:49:39,1226.3550,1
GDH9,10:49:39,1355.4450,2
GDH9,10:49:39,1252.1730,6
GDH9,10:49:39,1226.3550,2
GDH9,10:49:39,1226.3550,1
GDH9,10:49:39,1239.2640,5
GDH9,10:49:39,1329.6270,20
GDH9,10:49:39,1303.8090,2
GDH9,10:49:39,1316.7180,4
GDH9,10:49:39,1265.0820,1
GDH9,10:49:39,1329.6270,2
GDH9,10:49:39,1342.5360,1
GDH9,10:49:39,1316.8200,1
GDH9,10:49:39,1265.1800,2
GDH9,10:49:39,1329.7300,10
GDH9,10:49:39,1329.7300,1
GDH9,10:49:39,1291.0000,2
GDH9,10:49:39,1303.9100,5
GDH9,10:49:39,1226.4500,171
GDH9,10:50:00,1342.6400,1
GDH9,10:50:44,1226.4500,2
GDH9,10:50:46,1355.6550,1
GDH9,10:50:47,1304.1120,1
GDH9,10:50:47,1278.2880,1
GDH9,10:50:47,1265.3760,5
GDH9,10:50:47,1265.3760,1
GDH9,10:50:47,1342.8480,21
GDH9,10:51:11,1226.7350,1
GDH9,10:51:11,1226.7350,1
GDH9,10:51:12,1343.0560,1
GDH9,10:51:12,1317.3300,1
GDH9,10:51:12,1278.5850,2
GDH9,10:51:12,1278.5850,1
GDH9,10:51:13,1343.1600,2
GDH9,10:51:13,1239.8400,1
GDH9,10:51:13,1304.4150,2
GDH9,10:51:13,1239.8400,5
GDH9,10:51:13,1265.6700,3
GDH9,10:51:15,1317.2280,1
GDH9,10:51:19,1355.8650,1
GDH9,10:51:19,1317.1260,1
GDH9,10:51:20,1317.0240,2
GDH9,10:51:20,1355.7600,1
GDH9,10:52:03,1303.9100,2
GDH9,10:52:34,1316.8200,2
GDH9,10:52:34,1342.6400,2
GDH9,10:52:36,1303.9100,5
GDH9,10:53:59,1226.4500,1
GDH9,10:53:59,1316.8200,1
GDH9,10:54:16,1252.7550,7
GDH9,10:54:16,1278.5850,25
GDH9,10:54:16,1343.1600,5
GDH9,10:54:16,1291.5000,62
GDH9,10:54:16,1330.2450,4
GDH9,10:54:17,1291.5000,3
GDH9,10:54:17,1265.6700,1
GDH9,10:54:26,1291.3000,2
GDH9,10:54:28,1226.8300,1
GDH9,10:54:43,1317.2280,2
GDH9,10:54:43,1278.4860,2
GDH9,10:54:43,1265.5720,2
GDH9,10:54:43,1239.7440,10
GDH9,10:54:43,1330.1420,5
GDH9,10:54:43,1226.8300,1
GDH9,10:54:43,1304.4150,1
GDH9,10:54:43,1330.2450,4
GDH9,10:54:43,1278.5850,2
GDH9,10:54:43,1343.1600,8
GDH9,10:54:58,1226.9250,2
GDH9,10:54:58,1330.2450,5
GDH9,10:54:58,1278.5850,5
GDH9,10:55:06,1226.7350,1
GDH9,10:55:06,1278.4860,7
GDH9,10:55:14,1356.0750,1
GDH9,10:55:19,1265.6700,1
GDH9,10:55:20,1356.1800,2
GDH9,10:55:20,1291.6000,1
GDH9,10:55:20,1330.3480,1
GDH9,10:55:20,1317.5340,3
GDH9,10:55:20,1304.6170,3
GDH9,10:55:52,1291.5000,1
GDH9,10:55:52,1343.1600,1
GDH9,10:56:12,1330.1420,1
GDH9,10:56:12,1330.1420,2
GDH9,10:56:12,1304.3140,2
GDH9,10:56:12,1278.4860,5
GDH9,10:56:12,1330.1420,1
GDH9,10:56:12,1317.2280,1
GDH9,10:56:12,1304.3140,1
GDH9,10:56:12,1252.6580,2
GDH9,10:56:12,1252.6580,1
GDH9,10:56:25,1239.6480,100
GDH9,10:56:26,1278.2880,1
GDH9,10:56:26,1265.3760,1
GDH9,10:56:33,1342.8480,1
GDH9,10:56:33,1278.2880,4
GDH9,10:56:33,1278.2880,7
GDH9,10:56:33,1342.8480,1
GDH9,10:56:33,1304.1120,1
GDH9,10:56:33,1239.5520,2
GDH9,10:56:33,1355.7600,1
GDH9,10:56:33,1355.7600,2
GDH9,10:56:33,1342.8480,5
GDH9,10:56:33,1355.8650,1
GDH9,10:56:33,1265.4740,7
GDH9,10:56:33,1330.0390,3
GDH9,10:56:33,1291.3000,1
GDH9,10:56:33,1252.5610,4
GDH9,10:56:33,1342.9520,2
GDH9,10:56:33,1239.6480,1
GDH9,10:56:33,1278.3870,1
GDH9,10:56:33,1304.2130,5
GDH9,10:56:33,1226.7350,1
GDH9,10:56:33,1265.3760,1
GDH9,10:56:35,1278.1890,2
GDH9,10:56:35,1342.7440,1
GDH9,10:56:35,1329.7300,1
GDH9,10:56:43,1278.1890,3
GDH9,10:56:55,1355.7600,1
GDH9,10:58:07,1226.6400,1
GDH9,10:58:07,1329.9360,1
GDH9,10:58:29,1317.1260,1
GDH9,11:00:23,1329.9360,2
GDH9,11:00:26,1265.2780,1
GDH9,11:00:31,1342.7440,1
GDH9,11:00:43,1226.4500,1
GDH9,11:00:43,1342.6400,1
GDH9,11:00:52,1303.8090,1
GDH9,11:02:27,1265.0820,1
GDH9,11:02:27,1239.2640,4
GDH9,11:02:46,1265.1800,3
GDH9,11:02:46,1355.5500,1
GDH9,11:03:29,1265.3760,4
GDH9,11:03:29,1317.0240,1
GDH9,11:03:33,1317.0240,2
GDH9,11:03:33,1226.6400,3
GDH9,11:03:46,1355.6550,10
GDH9,11:03:46,1304.0110,1
GDH9,11:03:46,1342.7440,5
GDH9,11:03:46,1226.5450,4
GDH9,11:03:46,1329.8330,2
GDH9,11:03:46,1342.7440,5
GDH9,11:03:52,1252.3670,1
GDH9,11:03:54,1355.6550,25
GDH9,11:03:54,1291.1000,40
GDH9,11:03:54,1329.8330,1
GDH9,11:03:54,1355.6550,40
GDH9,11:03:54,1304.0110,3
GDH9,11:03:54,1316.9220,13
GDH9,11:04:03,1291.2000,1
GDH9,11:04:05,1304.2130,1
GDH9,11:04:24,1303.9100,2
GDH9,11:04:37,1226.6400,2
GDH9,11:05:25,1304.3140,2
GDH9,11:05:25,1226.8300,5
GDH9,11:05:25,1252.6580,1
GDH9,11:05:26,1226.9250,3
GDH9,11:05:29,1252.7550,1
GDH9,11:05:31,1304.5160,1
GDH9,11:05:48,1330.4510,2
GDH9,11:05:48,1356.2850,1
GDH9,11:06:09,1291.5000,2
GDH9,11:06:09,1226.7350,3
GDH9,11:06:09,1278.3870,5
GDH9,11:06:28,1291.4000,5
GDH9,11:06:38,1291.6000,1
GDH9,11:06:47,1356.0750,2
GDH9,11:07:21,1252.6580,1
GDH9,11:07:46,1226.8300,1
GDH9,11:07:46,1226.9250,9
GDH9,11:08:24,1265.3760,9
GDH9,11:10:12,1291.0000,1
GDH9,11:10:12,1265.1800,2
GDH9,11:10:12,1316.8200,1
GDH9,11:10:12,1278.0900,2
GDH9,11:11:04,1329.9360,4
GDH9,11:11:24,1329.7300,1
GDH9,11:11:24,1355.5500,1
GDH9,11:11:25,1265.0820,1
GDH9,11:11:25,1329.6270,1
GDH9,11:11:38,1342.5360,2
GDH9,11:11:48,1342.3280,1
GDH9,11:11:49,1290.7000,1
GDH9,11:11:49,1303.6070,1
GDH9,11:11:49,1316.5140,2
GDH9,11:12:00,1291.0000,1
GDH9,11:12:00,1265.1800,1
GDH9,11:12:17,1329.7300,1
GDH9,11:12:26,1316.7180,1
GDH9,11:12:37,1355.3400,1
GDH9,11:12:51,1355.1300,3
GDH9,11:12:51,1355.1300,1
GDH9,11:12:51,1251.8820,1
GDH9,11:12:51,1303.5060,2
GDH9,11:12:51,1251.8820,4
GDH9,11:12:51,1251.8820,4
GDH9,11:12:51,1277.6940,3
GDH9,11:12:51,1329.3180,2
GDH9,11:12:51,1290.6000,1
GDH9,11:13:02,1342.3280,1
GDH9,11:13:02,1342.3280,2
GDH9,11:13:10,1316.7180,1
GDH9,11:13:19,1252.2700,1
GDH9,11:14:06,1252.0760,1
GDH9,11:14:16,1316.6160,1
GDH9,11:14:16,1303.7080,1
GDH9,11:14:44,1303.7080,1
GDH9,11:14:44,1290.8000,1
GDH9,11:15:22,1303.9100,1
GDH9,11:15:22,1252.2700,1
GDH9,11:15:22,1316.8200,1
GDH9,11:15:24,1303.9100,1
GDH9,11:15:25,1252.2700,4
GDH9,11:15:25,1342.7440,1
GDH9,11:15:25,1316.9220,3
GDH9,11:15:25,1239.4560,1
GDH9,11:15:25,1252.4640,1
GDH9,11:15:25,1355.7600,9
GDH9,11:15:25,1317.0240,1
GDH9,11:15:25,1265.3760,3
GDH9,11:15:25,1317.1260,1
GDH9,11:15:25,1278.3870,2
GDH9,11:15:25,1239.6480,10
GDH9,11:15:25,1252.5610,9
GDH9,11:15:25,1226.6400,1
GDH9,11:15:25,1342.8480,18
GDH9,11:15:25,1265.3760,2
GDH9,11:15:25,1252.4640,3
GDH9,11:15:28,1278.3870,5
GDH9,11:15:28,1343.0560,1
GDH9,11:15:28,1304.3140,2
GDH9,11:15:28,1304.3140,4
GDH9,11:17:31,1239.4560,1
GDH9,11:17:31,1304.0110,1
GDH9,11:20:29,1342.6400,2
GDH9,11:21:39,1329.4210,10
GDH9,11:22:12,1264.8860,1
GDH9,11:22:31,1342.3280,6
GDH9,11:22:47,1329.5240,1
GDH9,11:22:56,1264.9840,2
GDH9,11:24:46,1251.9790,1
GDH9,11:25:46,1316.6160,1
GDH9,11:25:46,1226.2600,4
GDH9,11:25:46,1277.8920,2
GDH9,11:25:46,1342.4320,3
GDH9,11:29:11,1303.8090,2
GDH9,11:29:11,1316.7180,1
GDH9,11:29:11,1342.5360,1
GDH9,11:29:11,1239.2640,12
GDH9,11:29:11,1342.5360,1
GDH9,11:29:11,1303.8090,1
GDH9,11:29:11,1252.2700,1
GDH9,11:31:26,1303.6070,1
GDH9,11:31:26,1277.7930,1
GDH9,11:31:37,1290.7000,1
GDH9,11:32:50,1316.8200,2
GDH9,11:32:50,1239.3600,1
GDH9,11:32:50,1291.0000,1
GDH9,11:33:17,1252.2700,1
GDH9,11:34:10,1226.2600,1
GDH9,11:34:10,1355.3400,1
GDH9,11:34:10,1264.9840,1
GDH9,11:34:10,1226.2600,3
GDH9,11:34:10,1277.8920,2
GDH9,11:34:10,1342.4320,1
GDH9,11:34:10,1355.3400,10
GDH9,11:34:10,1264.9840,5
GDH9,11:34:10,1264.9840,10
GDH9,11:34:10,1226.1650,10
GDH9,11:34:10,1342.3280,1
GDH9,11:34:10,1329.4210,2
GDH9,11:34:10,1329.4210,2
GDH9,11:34:10,1355.2350,10
GDH9,11:34:10,1303.6070,5
GDH9,11:34:10,1355.2350,3
GDH9,11:34:10,1316.5140,3
GDH9,11:34:10,1342.3280,5
GDH9,11:34:10,1316.5140,100
GDH9,11:34:10,1251.9790,1
GDH9,11:34:10,1355.2350,24
GDH9,11:34:17,1290.7000,1
GDH9,11:34:30,1303.6070,1
GDH9,11:34:49,1290.7000,1
GDH9,11:34:51,1290.7000,1
GDH9,11:35:52,1252.2700,5
GDH9,11:36:03,1316.9220,4
GDH9,11:36:04,1329.8330,1
GDH9,11:36:22,1226.5450,1
GDH9,11:36:22,1329.8330,2
GDH9,11:36:29,1226.4500,6
GDH9,11:36:29,1239.3600,3
GDH9,11:36:29,1342.6400,3
GDH9,11:36:38,1329.8330,1
GDH9,11:36:38,1355.6550,1
GDH9,11:36:38,1342.7440,1
GDH9,11:36:52,1303.9100,2
GDH9,11:37:58,1304.0110,1
GDH9,11:41:47,1290.7000,1
GDH9,11:41:47,1264.8860,9
GDH9,11:42:13,1251.8820,1
GDH9,11:42:13,1277.6940,9
GDH9,11:42:21,1316.4120,5
GDH9,11:42:21,1277.6940,1
GDH9,11:42:56,1238.8800,1
GDH9,11:44:51,1341.9120,2
GDH9,11:44:51,1329.0090,9
GDH9,11:44:51,1341.9120,4
GDH9,11:44:51,1316.1060,4
GDH9,11:44:51,1238.6880,5
GDH9,11:44:51,1225.7850,4
GDH9,11:44:51,1264.3960,1
GDH9,11:45:26,1251.4940,5
GDH9,11:46:14,1328.9060,2
GDH9,11:46:20,1290.1000,1
GDH9,11:46:20,1354.6050,1
GDH9,11:46:20,1225.5950,3
GDH9,11:46:20,1354.6050,2
GDH9,11:46:20,1290.1000,1
GDH9,11:46:20,1290.1000,1
GDH9,11:46:21,1290.1000,1
GDH9,11:46:25,1290.1000,2
GDH9,11:46:28,1251.4940,1
GDH9,11:46:29,1225.7850,1
GDH9,11:46:29,1277.1990,1
GDH9,11:46:29,1290.1000,3
GDH9,11:46:33,1303.0010,1
GDH9,11:46:33,1328.8030,1
GDH9,11:46:33,1290.1000,2
GDH9,11:46:33,1354.7100,1
GDH9,11:46:33,1251.4940,2
GDH9,11:47:43,1341.8080,1
GDH9,11:49:41,1264.3960,1
GDH9,11:50:19,1290.3000,1
GDH9,11:50:19,1277.3970,1
GDH9,11:50:19,1264.4940,1
GDH9,11:50:28,1341.8080,1
GDH9,11:50:34,1290.2000,2
GDH9,11:50:53,1328.8030,1
GDH9,11:50:53,1251.3970,1
GDH9,11:50:53,1290.2000,1
GDH9,11:51:54,1302.9000,1
GDH9,11:51:54,1341.6000,2
GDH9,11:51:54,1328.8030,2
GDH9,11:51:54,1303.0010,5
GDH9,11:51:54,1251.3970,1
GDH9,11:51:54,1303.0010,8
GDH9,11:51:54,1290.1000,4
GDH9,11:51:54,1303.0010,3
GDH9,11:51:54,1328.8030,20
GDH9,11:51:54,1315.9020,6
GDH9,11:51:58,1341.6000,2
GDH9,11:52:30,1251.3000,1
GDH9,11:52:30,1264.2000,2
GDH9,11:52:30,1315.8000,4
GDH9,11:52:30,1238.4000,3
GDH9,11:52:30,1277.1000,4
GDH9,11:52:30,1354.5000,1
GDH9,11:52:30,1341.6000,1
GDH9,11:52:30,1341.6000,1
GDH9,11:52:30,1264.2000,2
GDH9,11:52:33,1341.6000,1
GDH9,11:52:33,1264.2000,1
GDH9,11:52:33,1225.5000,1
GDH9,11:52:33,1238.4000,3
GDH9,11:52:33,1341.6000,1
GDH9,11:52:54,1303.0010,1
GDH9,11:52:54,1251.3970,5
GDH9,11:52:54,1303.0010,1
GDH9,11:52:54,1290.1000,6
GDH9,11:52:54,1290.1000,3
GDH9,11:52:54,1225.5950,10
GDH9,11:52:54,1251.3970,4
GDH9,11:52:54,1328.8030,1
GDH9,11:53:18,1225.5950,32
GDH9,11:53:18,1341.7040,25
GDH9,11:53:18,1264.2980,8
GDH9,11:54:52,1289.9000,1
GDH9,11:54:52,1238.3040,2
GDH9,11:54:52,1328.5970,1
GDH9,11:54:53,1251.0090,1
GDH9,11:56:59,1341.4960,2
GDH9,11:56:59,1264.0040,1
GDH9,11:56:59,1289.8000,8
GDH9,11:56:59,1315.5960,2
GDH9,11:58:01,1328.5970,2
GDH9,11:58:01,1276.9020,1
GDH9,11:58:01,1276.9020,10
GDH9,11:58:01,1302.6980,1
GDH9,11:58:01,1354.2900,1
GDH9,11:58:01,1264.0040,6
GDH9,11:58:51,1341.4960,2
GDH9,11:58:51,1238.3040,3
GDH9,11:59:30,1264.2980,3
GDH9,11:59:35,1277.0010,2
GDH9,12:00:09,1225.4050,125
GDH9,12:00:09,1264.1020,4
GDH9,12:00:12,1341.4960,1
GDH9,12:00:13,1341.4960,20
GDH9,12:00:13,1238.3040,3
GDH9,12:00:13,1354.3950,1
GDH9,12:00:13,1354.3950,1
GDH9,12:00:27,1263.9060,1
GDH9,12:01:01,1315.4940,1
GDH9,12:01:18,1238.2080,1
GDH9,12:01:18,1328.4940,6
GDH9,12:01:18,1341.3920,2
GDH9,12:01:18,1315.5960,2
GDH9,12:01:18,1251.1060,4
GDH9,12:01:18,1341.3920,5
GDH9,12:02:25,1264.3960,1
GDH9,12:02:30,1342.0160,1
GDH9,12:02:36,1238.6880,1
GDH9,12:02:36,1316.1060,1
GDH9,12:02:36,1316.1060,2
GDH9,12:02:36,1354.8150,1
GDH9,12:02:40,1264.5920,1
GDH9,12:02:40,1342.0160,2
GDH9,12:02:40,1354.9200,2
GDH9,12:03:19,1328.9060,1
GDH9,12:03:19,1316.0040,3
GDH9,12:04:43,1264.2000,1
GDH9,12:04:43,1341.6000,2
GDH9,12:04:43,1264.2000,4
GDH9,12:04:43,1302.9000,1
GDH9,12:04:43,1354.5000,1
GDH9,12:04:43,1328.7000,1
GDH9,12:04:43,1341.6000,1
GDH9,12:04:43,1341.6000,3
GDH9,12:04:43,1290.0000,1
GDH9,12:04:47,1315.8000,3
GDH9,12:04:47,1354.5000,10
GDH9,12:05:05,1277.1000,3
GDH9,12:05:05,1328.7000,1
GDH9,12:05:07,1238.5920,2
GDH9,12:05:07,1341.8080,1
GDH9,12:05:07,1303.1020,1
GDH9,12:05:12,1328.9060,1
GDH9,12:05:12,1316.0040,1
GDH9,12:05:12,1225.6900,1
GDH9,12:05:12,1303.1020,2
GDH9,12:06:03,1251.5910,3
GDH9,12:06:03,1329.0090,2
GDH9,12:06:03,1290.3000,5
GDH9,12:06:03,1238.6880,1
GDH9,12:06:14,1316.1060,3
GDH9,12:06:14,1277.3970,2
GDH9,12:06:14,1303.2030,2
GDH9,12:06:14,1277.3970,1
GDH9,12:06:14,1316.1060,2
GDH9,12:06:18,1225.7850,1
GDH9,12:06:18,1354.8150,5
GDH9,12:07:06,1225.7850,3
GDH9,12:07:06,1277.3970,2
GDH9,12:07:06,1316.1060,1
GDH9,12:07:06,1277.3970,3
GDH9,12:07:06,1290.3000,1
GDH9,12:07:06,1354.8150,6
GDH9,12:07:15,1277.3970,2
GDH9,12:09:03,1251.3000,1
GDH9,12:10:02,1225.4050,2
GDH9,12:10:02,1264.1020,1
GDH9,12:10:27,1341.3920,1
GDH9,12:11:52,1290.0000,1
GDH9,12:11:52,1264.2000,1
GDH9,12:11:52,1277.1000,3
GDH9,12:11:58,1302.9000,1
GDH9,12:11:58,1238.4000,1
GDH9,12:12:26,1264.2000,5
GDH9,12:13:57,1264.1020,1
GDH9,12:17:29,1328.4940,1
GDH9,12:19:34,1354.5000,3
GDH9,12:20:28,1315.9020,1
GDH9,12:24:02,1238.2080,1
GDH9,12:25:11,1354.2900,1
GDH9,12:26:56,1341.3920,2
GDH9,12:26:56,1354.2900,2
GDH9,12:26:56,1225.3100,4
GDH9,12:26:56,1276.9020,2
GDH9,12:27:27,1251.3000,3
GDH9,12:30:35,1341.6000,1
GDH9,12:30:35,1225.5000,4
GDH9,12:30:39,1289.9000,1
GDH9,12:34:34,1354.2900,3
GDH9,12:34:34,1251.1060,2
GDH9,12:34:34,1341.3920,1
GDH9,12:34:34,1315.5960,4
GDH9,12:34:34,1264.0040,5
GDH9,12:34:34,1225.3100,3
GDH9,12:34:34,1225.3100,1
GDH9,12:34:34,1302.5970,3
GDH9,12:34:34,1263.9060,1
GDH9,12:34:34,1341.2880,5
GDH9,12:34:34,1315.4940,4
GDH9,12:34:34,1354.1850,2
GDH9,12:34:34,1315.4940,4
GDH9,12:34:34,1225.2150,3
GDH9,12:34:34,1263.9060,3
GDH9,12:34:34,1302.5970,5
GDH9,12:34:34,1354.1850,51
GDH9,12:34:34,1225.3100,3
GDH9,12:34:34,1341.3920,10
GDH9,12:34:34,1238.2080,4
GDH9,12:34:58,1354.2900,3
GDH9,12:34:59,1289.8000,3
GDH9,12:35:03,1354.1850,1
GDH9,12:35:03,1328.3910,1
GDH9,12:35:14,1328.2880,3
GDH9,12:35:14,1238.0160,1
GDH9,12:35:14,1354.0800,2
GDH9,12:35:14,1225.1200,1
GDH9,12:35:20,1225.0250,1
GDH9,12:35:20,1250.8150,1
GDH9,12:35:20,1225.0250,1
GDH9,12:35:20,1353.9750,97
GDH9,12:35:20,1315.2900,100
GDH9,12:35:21,1263.7100,1
GDH9,12:35:21,1225.0250,1
GDH9,12:35:21,1276.7040,1
GDH9,12:35:23,1353.9750,36
GDH9,12:35:30,1263.7100,1
GDH9,12:35:37,1263.7100,100
GDH9,12:35:55,1353.8700,1
GDH9,12:35:55,1302.1930,3
GDH9,12:35:55,1237.7280,2
GDH9,12:37:11,1353.7650,1
GDH9,12:37:48,1237.6320,1
GDH9,12:39:13,1340.7680,9
GDH9,12:39:13,1327.8760,1
GDH9,12:39:13,1353.6600,3
GDH9,12:39:13,1263.3180,4
GDH9,12:39:13,1301.9910,6
GDH9,12:39:13,1237.5360,25
GDH9,12:39:13,1327.7730,27
GDH9,12:39:13,1301.9910,2
GDH9,12:39:13,1301.9910,1
GDH9,12:39:13,1314.8820,84
GDH9,12:39:13,1314.8820,50
GDH9,12:39:13,1224.6450,19
GDH9,12:39:13,1353.5550,12
GDH9,12:39:13,1301.9910,2
GDH9,12:39:13,1237.5360,1
GDH9,12:39:13,1353.5550,5
GDH9,12:39:13,1314.8820,5
GDH9,12:39:13,1250.4270,3
GDH9,12:39:13,1314.9840,10
GDH9,12:39:13,1302.0920,4
GDH9,12:39:13,1353.6600,5
GDH9,12:39:13,1314.9840,5
GDH9,12:39:13,1353.5550,1
GDH9,12:39:13,1276.2090,3
GDH9,12:39:13,1224.6450,1
GDH9,12:39:13,1340.5600,1
GDH9,12:39:13,1250.3300,5
GDH9,12:39:13,1327.5670,10
GDH9,12:39:13,1224.4550,10
GDH9,12:39:13,1276.0110,1
GDH9,12:39:13,1340.4560,5
GDH9,12:39:13,1301.7890,5
GDH9,12:39:13,1314.6780,5
GDH9,12:39:13,1314.6780,4
GDH9,12:39:13,1237.3440,54
GDH9,12:39:13,1340.5600,1
GDH9,12:39:13,1224.5500,5
GDH9,12:39:13,1314.7800,8
GDH9,12:39:13,1301.8900,4
GDH9,12:39:13,1353.4500,4
GDH9,12:39:13,1327.6700,1
GDH9,12:39:13,1224.4550,5
GDH9,12:39:13,1314.7800,1
GDH9,12:39:13,1237.5360,1
GDH9,12:39:15,1276.0110,3
GDH9,12:39:15,1250.2330,12
GDH9,12:39:15,1250.2330,5
GDH9,12:39:15,1276.0110,3
GDH9,12:39:15,1263.1220,1
GDH9,12:39:19,1314.5760,1
GDH9,12:39:19,1301.6880,12
GDH9,12:39:19,1288.8000,5
GDH9,12:39:19,1353.2400,1
GDH9,12:39:19,1250.1360,1
GDH9,12:39:19,1250.1360,1
GDH9,12:39:19,1327.4640,5
GDH9,12:39:19,1288.8000,5
GDH9,12:39:19,1275.9120,1
GDH9,12:39:19,1327.4640,1
GDH9,12:39:19,1288.8000,1
GDH9,12:39:19,1340.3520,9
GDH9,12:39:19,1275.9120,3
GDH9,12:39:19,1275.9120,1
GDH9,12:39:19,1327.4640,1
GDH9,12:39:19,1288.8000,12
GDH9,12:39:19,1250.1360,1
GDH9,12:39:19,1327.4640,2
GDH9,12:39:19,1237.2480,1
GDH9,12:39:19,1275.9120,12
GDH9,12:39:19,1353.2400,2
GDH9,12:39:19,1250.1360,25
GDH9,12:39:19,1353.2400,1
GDH9,12:39:19,1275.9120,1
GDH9,12:39:19,1263.0240,1
GDH9,12:39:19,1275.9120,1
GDH9,12:39:19,1288.9000,3
GDH9,12:39:19,1289.0000,1
GDH9,12:39:24,1353.3450,1
GDH9,12:39:24,1340.4560,3
GDH9,12:39:28,1263.1220,1
GDH9,12:39:28,1340.4560,2
GDH9,12:39:46,1353.4500,1
GDH9,12:40:02,1340.5600,1
GDH9,12:40:12,1289.0000,5
GDH9,12:40:12,1314.7800,3
GDH9,12:40:12,1289.0000,2
GDH9,12:40:12,1250.3300,5
GDH9,12:40:12,1237.4400,3
GDH9,12:40:12,1314.7800,10
GDH9,12:40:12,1237.4400,4
GDH9,12:40:12,1263.2200,1
GDH9,12:40:12,1327.6700,5
GDH9,12:40:12,1250.3300,1
GDH9,12:40:12,1327.6700,1
GDH9,12:40:12,1224.5500,1
GDH9,12:40:12,1276.1100,20
GDH9,12:40:12,1327.6700,2
GDH9,12:40:12,1327.6700,3
GDH9,12:40:12,1340.5600,9
GDH9,12:40:12,1289.0000,5
GDH9,12:40:12,1250.3300,5
GDH9,12:40:12,1224.5500,15
GDH9,12:40:29,1237.3440,5
GDH9,12:40:29,1224.4550,95
GDH9,12:40:29,1314.6780,1
GDH9,12:40:29,1314.7800,1
GDH9,12:40:29,1314.7800,2
GDH9,12:40:29,1301.8900,1
GDH9,12:40:55,1314.5760,1
GDH9,12:41:17,1275.8130,5
GDH9,12:41:17,1327.3610,1
GDH9,12:41:17,1250.0390,4
GDH9,12:41:17,1340.2480,2
GDH9,12:41:23,1237.1520,1
GDH9,12:41:28,1250.0390,87
GDH9,12:41:54,1288.6000,5
GDH9,12:41:59,1314.3720,1
GDH9,12:42:00,1340.1440,94
GDH9,12:42:00,1340.1440,5
GDH9,12:42:19,1262.7300,5
GDH9,12:42:20,1352.9250,1
GDH9,12:42:41,1262.7300,1
GDH9,12:43:05,1237.0560,1
GDH9,12:43:05,1340.1440,2
GDH9,12:43:05,1224.1700,13
GDH9,12:43:05,1340.1440,4
GDH9,12:43:05,1249.9420,1
GDH9,12:43:11,1236.9600,12
GDH9,12:43:15,1262.7300,40
GDH9,12:44:06,1262.5340,1
GDH9,12:44:06,1352.7150,6
GDH9,12:44:06,1262.5340,5
GDH9,12:44:06,1301.1830,3
GDH9,12:44:15,1224.0750,1
GDH9,12:44:15,1236.8640,5
GDH9,12:44:15,1327.0520,2
GDH9,12:44:15,1236.8640,2
GDH9,12:44:15,1339.9360,1
GDH9,12:44:15,1262.6320,2
GDH9,12:44:15,1301.2840,7
GDH9,12:44:33,1224.1700,13
GDH9,12:44:33,1353.1350,2
GDH9,12:44:38,1237.2480,13
GDH9,12:44:38,1288.8000,1
GDH9,12:44:40,1340.3520,5
GDH9,12:44:51,1314.6780,5
GDH9,12:45:39,1301.6880,52
GDH9,12:46:03,1276.0110,2
GDH9,12:46:03,1340.4560,1
GDH9,12:46:03,1276.0110,12
GDH9,12:46:03,1353.3450,5
GDH9,12:46:03,1237.3440,1
GDH9,12:46:03,1237.3440,4
GDH9,12:46:03,1314.6780,2
GDH9,12:46:03,1353.3450,1
GDH9,12:46:03,1224.4550,1
GDH9,12:46:03,1237.3440,10
GDH9,12:46:03,1340.5600,1
GDH9,12:46:03,1301.8900,13
GDH9,12:46:03,1276.1100,2
GDH9,12:46:03,1289.0000,2
GDH9,12:46:03,1237.4400,5
GDH9,12:46:03,1289.0000,5
GDH9,12:46:03,1353.4500,10
GDH9,12:46:03,1301.8900,2
GDH9,12:46:03,1327.6700,3
GDH9,12:46:03,1263.2200,3
GDH9,12:46:03,1340.5600,15
GDH9,12:46:07,1353.4500,1
GDH9,12:46:38,1276.1100,1
GDH9,12:46:38,1340.5600,1
GDH9,12:46:38,1224.5500,7
GDH9,12:46:38,1250.3300,2
GDH9,12:46:38,1250.3300,2
GDH9,12:46:38,1301.8900,1
GDH9,12:46:38,1327.6700,1
GDH9,12:46:38,1224.5500,12
GDH9,12:46:38,1289.0000,3
GDH9,12:46:38,1314.7800,5
GDH9,12:46:38,1224.5500,1
GDH9,12:46:38,1340.5600,10
GDH9,12:46:38,1276.1100,2
GDH9,12:46:38,1301.8900,1
GDH9,12:46:38,1224.5500,1
GDH9,12:46:38,1289.0000,2
GDH9,12:46:38,1276.1100,12
GDH9,12:46:38,1224.5500,1
GDH9,12:46:38,1276.1100,12
GDH9,12:46:38,1276.1100,1
GDH9,12:46:38,1263.2200,22
GDH9,12:46:38,1353.4500,13
GDH9,12:46:38,1263.2200,2
GDH9,12:46:38,1289.0000,2
GDH9,12:46:38,1276.1100,2
GDH9,12:47:42,1224.4550,1
GDH9,12:47:42,1340.4560,1
GDH9,12:47:48,1237.2480,4
GDH9,12:48:07,1301.7890,1
GDH9,12:48:08,1276.0110,11
GDH9,12:48:08,1301.7890,1
GDH9,12:48:32,1314.5760,1
GDH9,12:50:05,1237.2480,2
GDH9,12:50:05,1314.5760,1
GDH9,12:50:05,1237.2480,2
GDH9,12:50:06,1301.6880,95
GDH9,12:50:06,1327.5670,1
GDH9,12:50:06,1353.3450,4
GDH9,12:50:06,1327.4640,1
GDH9,12:50:06,1288.8000,2
GDH9,12:50:45,1250.2330,1
GDH9,12:50:45,1314.6780,2
GDH9,12:50:45,1314.6780,9
GDH9,12:50:45,1340.4560,1
GDH9,12:50:45,1288.9000,10
GDH9,12:50:45,1314.6780,7
GDH9,12:50:45,1340.4560,5
GDH9,12:50:45,1263.1220,10
GDH9,12:51:16,1250.2330,100
GDH9,12:51:20,1288.9000,2
GDH9,12:51:20,1288.9000,1
GDH9,12:51:20,1301.7890,10
GDH9,12:51:20,1224.5500,1
GDH9,12:51:20,1327.6700,2
GDH9,12:51:20,1314.7800,5
GDH9,12:51:20,1237.4400,10
GDH9,12:51:20,1263.2200,5
GDH9,12:51:20,1353.4500,4
GDH9,12:51:20,1289.0000,10
GDH9,12:51:20,1289.0000,3
GDH9,12:51:20,1353.4500,5
GDH9,12:51:20,1263.3180,1
GDH9,12:51:20,1224.6450,2
GDH9,12:51:20,1237.5360,12
GDH9,12:51:20,1314.8820,5
GDH9,12:51:20,1301.9910,3
GDH9,12:51:20,1353.5550,2
GDH9,12:51:20,1250.4270,2
GDH9,12:51:20,1276.2090,10
GDH9,12:51:20,1250.4270,5
GDH9,12:51:20,1353.3450,1
GDH9,12:51:20,1250.2330,10
GDH9,12:51:20,1327.5670,2
GDH9,12:51:20,1288.9000,10
GDH9,12:51:20,1237.3440,5
GDH9,12:51:20,1327.4640,1
GDH9,12:51:20,1275.9120,2
GDH9,12:51:20,1288.8000,20
GDH9,12:51:20,1340.3520,1
GDH9,12:51:20,1353.2400,3
GDH9,12:51:20,1340.3520,6
GDH9,12:51:20,1288.8000,5
GDH9,12:51:20,1263.0240,4
GDH9,12:51:20,1263.0240,10
GDH9,12:51:20,1353.2400,5
GDH9,12:51:20,1250.1360,5
GDH9,12:51:20,1263.0240,10
GDH9,12:51:27,1263.2200,2
GDH9,12:51:37,1250.1360,1
GDH9,12:51:37,1275.9120,4
GDH9,12:51:37,1301.6880,2
GDH9,12:51:37,1250.1360,5
GDH9,12:51:37,1288.8000,1
GDH9,12:51:37,1237.2480,2
GDH9,12:51:37,1275.9120,1
GDH9,12:52:12,1275.9120,84
GDH9,12:52:12,1276.0110,5
GDH9,12:52:12,1276.0110,1
GDH9,12:52:12,1353.3450,2
GDH9,12:53:14,1314.5760,1
GDH9,12:53:14,1250.1360,3
GDH9,12:53:14,1275.9120,3
GDH9,12:53:14,1353.2400,2
GDH9,12:53:14,1263.0240,1
GDH9,12:56:19,1314.7800,2
GDH9,12:56:35,1237.6320,1
GDH9,12:56:35,1276.2090,1
GDH9,12:56:35,1340.6640,1
GDH9,12:56:35,1301.9910,25
GDH9,12:56:35,1353.5550,8
GDH9,12:56:35,1340.6640,1
GDH9,12:56:35,1237.5360,4
GDH9,12:57:00,1237.6320,2
GDH9,12:59:03,1328.0820,2
GDH9,12:59:03,1315.1880,5
GDH9,12:59:03,1276.5060,6
GDH9,12:59:03,1224.9300,20
GDH9,12:59:03,1224.9300,5
GDH9,12:59:03,1289.4000,2
GDH9,13:00:28,1263.5140,1
GDH9,13:01:05,1224.7400,2
GDH9,13:03:03,1353.5550,3
GDH9,13:03:46,1340.5600,4
GDH9,13:03:46,1327.6700,5
GDH9,13:03:46,1224.5500,2
GDH9,13:03:46,1224.5500,5
GDH9,13:03:46,1340.5600,28
GDH9,13:04:04,1289.2000,2
GDH9,13:04:04,1314.9840,1
GDH9,13:04:04,1314.9840,3
GDH9,13:04:24,1224.7400,1
GDH9,13:04:27,1237.6320,1
GDH9,13:04:27,1237.6320,5
GDH9,13:06:28,1289.3000,1
GDH9,13:06:28,1276.4070,1
GDH9,13:06:28,1302.1930,4
GDH9,13:06:28,1250.6210,1
GDH9,13:06:28,1353.7650,1
GDH9,13:06:28,1327.9790,1
GDH9,13:06:28,1327.9790,3
GDH9,13:06:28,1315.0860,13
GDH9,13:06:28,1327.9790,5
GDH9,13:06:51,1302.0920,1
GDH9,13:07:35,1353.6600,3
GDH9,13:08:13,1301.9910,3
GDH9,13:08:15,1224.6450,3
GDH9,13:08:57,1353.5550,100
GDH9,13:09:24,1340.5600,8
GDH9,13:10:41,1340.5600,100
GDH9,13:11:10,1301.9910,30
GDH9,13:12:17,1353.5550,1
GDH9,13:12:17,1327.7730,1
GDH9,13:15:01,1353.7650,4
GDH9,13:17:36,1276.3080,2
GDH9,13:18:09,1263.6120,1
GDH9,13:18:23,1302.2940,1
GDH9,13:19:16,1263.4160,1
GDH9,13:19:16,1353.6600,1
GDH9,13:20:02,1276.3080,4
GDH9,13:20:12,1327.7730,3
GDH9,13:24:14,1250.2330,1
GDH9,13:27:01,1224.4550,1
GDH9,13:28:00,1263.3180,3
GDH9,13:30:21,1224.4550,1
GDH9,13:30:26,1314.5760,1
GDH9,13:30:26,1263.0240,1
GDH9,13:30:26,1327.4640,2
GDH9,13:30:27,1353.2400,1
GDH9,13:30:38,1327.3610,1
GDH9,13:31:16,1327.2580,2
GDH9,13:31:41,1224.1700,1
GDH9,13:31:41,1314.3720,3
GDH9,13:32:53,1353.1350,1
GDH9,13:34:24,1250.1360,1
GDH9,13:34:24,1301.6880,5
GDH9,13:34:24,1314.5760,2
GDH9,13:34:24,1263.0240,10
GDH9,13:34:24,1288.8000,1
GDH9,13:34:24,1327.4640,3
GDH9,13:34:24,1250.1360,5
GDH9,13:34:24,1353.2400,8
GDH9,13:34:24,1327.4640,1
GDH9,13:34:32,1288.8000,29
GDH9,13:36:19,1327.5670,1
GDH9,13:37:07,1340.5600,2
GDH9,13:37:07,1301.8900,4
GDH9,13:37:07,1327.6700,1
GDH9,13:37:08,1289.0000,25
GDH9,13:37:46,1301.8900,100
GDH9,13:38:12,1353.3450,1
GDH9,13:38:12,1314.6780,3
GDH9,13:38:18,1263.0240,2
GDH9,13:40:35,1353.3450,1
GDH9,13:40:38,1353.3450,1
GDH9,13:40:46,1340.4560,1
GDH9,13:42:20,1224.4550,3
GDH9,13:42:20,1340.4560,3
GDH9,13:42:20,1237.3440,1
GDH9,13:42:22,1353.3450,6
GDH9,13:42:22,1327.5670,6
GDH9,13:42:22,1224.4550,25
GDH9,13:42:22,1276.0110,12
GDH9,13:42:28,1237.3440,1
GDH9,13:42:28,1263.1220,3
GDH9,13:42:28,1288.9000,4
GDH9,13:42:28,1288.9000,5
GDH9,13:42:28,1263.2200,1
GDH9,13:42:54,1289.0000,100
GDH9,13:43:06,1276.1100,31
GDH9,13:43:24,1288.8000,1
GDH9,13:44:44,1340.4560,1
GDH9,13:45:35,1263.1220,12
GDH9,13:45:35,1314.6780,10
GDH9,13:45:35,1327.5670,1
GDH9,13:45:35,1353.3450,2
GDH9,13:45:54,1340.4560,20
GDH9,13:45:54,1263.1220,25
GDH9,13:46:24,1353.4500,30
GDH9,13:46:55,1340.5600,1
GDH9,13:46:55,1353.4500,5
GDH9,13:46:55,1301.8900,2
GDH9,13:49:27,1237.8240,1
GDH9,13:49:27,1302.2940,21
GDH9,13:49:27,1250.7180,5
GDH9,13:49:27,1315.1880,13
GDH9,13:49:27,1302.3950,2
GDH9,13:49:27,1302.3950,12
GDH9,13:49:27,1237.9200,33
GDH9,13:49:27,1250.8150,55
GDH9,13:49:27,1341.0800,6
GDH9,13:49:27,1237.9200,3
GDH9,13:49:27,1225.0250,4
GDH9,13:49:27,1289.5000,2
GDH9,13:49:27,1263.7100,1
GDH9,13:49:27,1225.0250,2
GDH9,13:49:27,1250.8150,1
GDH9,13:49:54,1328.2880,5
GDH9,13:50:03,1302.2940,4
GDH9,13:50:40,1302.4960,2
GDH9,13:51:05,1225.1200,2
GDH9,13:51:06,1315.4940,4
GDH9,13:51:06,1251.0090,1
GDH9,13:51:06,1263.9060,1
GDH9,13:51:06,1354.1850,1
GDH9,13:51:06,1315.4940,3
GDH9,13:51:30,1276.9020,20
GDH9,13:51:30,1251.1060,1
GDH9,13:51:30,1341.3920,4
GDH9,13:51:30,1264.1020,3
GDH9,13:51:30,1264.1020,3
GDH9,13:51:30,1225.4050,3
GDH9,13:51:30,1264.1020,1
GDH9,13:51:30,1354.3950,1
GDH9,13:51:30,1315.6980,3
GDH9,13:51:30,1328.5970,20
GDH9,13:51:30,1238.3040,1
GDH9,13:51:58,1277.0010,11
GDH9,13:51:58,1315.6980,1
GDH9,13:51:58,1315.6980,1
GDH9,13:51:58,1341.4960,1
GDH9,13:51:58,1277.0010,1
GDH9,13:51:58,1238.3040,1
GDH9,13:51:58,1302.7990,3
GDH9,13:51:58,1264.1020,2
GDH9,13:51:58,1225.4050,10
GDH9,13:51:58,1289.9000,5
GDH9,13:51:58,1225.4050,11
GDH9,13:51:58,1354.3950,1
GDH9,13:51:58,1289.9000,1
GDH9,13:51:58,1315.6980,1
GDH9,13:51:58,1354.3950,2
GDH9,13:51:58,1341.4960,48
GDH9,13:51:58,1341.3920,5
GDH9,13:51:58,1341.3920,1
GDH9,13:51:58,1302.6980,3
GDH9,13:51:58,1276.9020,11
GDH9,13:51:58,1315.4940,1
GDH9,13:51:58,1315.4940,3
GDH9,13:51:58,1251.0090,6
GDH9,13:51:58,1328.3910,2
GDH9,13:51:58,1354.1850,2
GDH9,13:51:58,1302.5970,5
GDH9,13:51:58,1251.0090,5
GDH9,13:51:58,1276.8030,11
GDH9,13:51:58,1328.3910,5
GDH9,13:51:58,1276.8030,1
GDH9,13:51:58,1302.5970,3
GDH9,13:51:58,1315.4940,4
GDH9,13:51:58,1225.2150,12
GDH9,13:51:58,1225.2150,1
GDH9,13:51:58,1354.1850,11
GDH9,13:51:58,1276.8030,7
GDH9,13:51:58,1251.0090,1
GDH9,13:53:03,1289.7000,1
GDH9,13:53:09,1328.4940,1
GDH9,13:53:09,1238.2080,1
GDH9,13:53:37,1251.1060,3
GDH9,13:54:07,1354.2900,1
GDH9,13:54:40,1276.6050,1
GDH9,13:54:40,1225.0250,3
GDH9,13:57:35,1225.4050,5
GDH9,13:57:36,1251.2030,1
GDH9,13:57:36,1315.8000,2
GDH9,13:57:37,1238.4000,1
GDH9,13:57:37,1315.8000,1
GDH9,13:57:37,1238.4000,1
GDH9,13:58:20,1238.4000,3
GDH9,13:58:22,1315.6980,1
GDH9,13:58:42,1354.3950,1
GDH9,13:59:00,1264.2000,1
GDH9,13:59:00,1290.0000,10
GDH9,13:59:00,1302.9000,4
GDH9,13:59:00,1315.8000,1
GDH9,13:59:00,1290.0000,8
GDH9,13:59:00,1328.7000,5
GDH9,13:59:00,1277.1000,3
GDH9,13:59:00,1341.6000,4
GDH9,13:59:00,1290.0000,5
GDH9,13:59:30,1354.1850,3
GDH9,13:59:45,1225.2150,8
GDH9,13:59:45,1289.7000,10
GDH9,13:59:45,1315.4940,11
GDH9,14:05:00,1225.3100,10
GDH9,14:05:19,1315.8000,6
GDH9,14:05:23,1277.1000,4
GDH9,14:05:23,1354.6050,1
GDH9,14:05:23,1277.1990,10
GDH9,14:05:23,1315.9020,1
GDH9,14:05:23,1251.3970,10
GDH9,14:05:23,1238.4960,78
GDH9,14:05:51,1315.9020,18
GDH9,14:09:05,1251.3000,1
GDH9,14:09:44,1277.2980,1
GDH9,14:11:21,1277.3970,1
GDH9,14:11:21,1329.1120,4
GDH9,14:11:21,1342.0160,1
GDH9,14:11:21,1329.1120,2
GDH9,14:11:21,1342.0160,1
GDH9,14:11:21,1264.5920,9
GDH9,14:11:21,1277.4960,2
GDH9,14:11:21,1225.8800,4
GDH9,14:11:21,1329.1120,1
GDH9,14:11:21,1290.5000,6
GDH9,14:11:22,1329.1120,1
GDH9,14:11:22,1342.0160,3
GDH9,14:11:22,1303.3040,1
GDH9,14:11:31,1290.4000,1
GDH9,14:11:31,1238.7840,1
GDH9,14:11:31,1277.4960,1
GDH9,14:12:14,1354.8150,5
GDH9,14:12:14,1277.3970,3
GDH9,14:13:46,1238.6880,3
GDH9,14:15:22,1328.8030,4
GDH9,14:15:22,1328.8030,1
GDH9,14:15:25,1251.3000,1
GDH9,14:15:25,1264.2000,1
GDH9,14:15:25,1277.1000,3
GDH9,14:18:19,1238.2080,1
GDH9,14:18:19,1276.9020,1
GDH9,14:18:19,1354.2900,2
GDH9,14:18:19,1238.2080,2
GDH9,14:18:19,1289.8000,4
GDH9,14:20:30,1302.5970,1
GDH9,14:20:59,1354.1850,4
GDH9,14:21:26,1315.5960,1
GDH9,14:21:26,1264.1020,2
GDH9,14:23:49,1341.6000,1
GDH9,14:24:41,1329.1120,20
GDH9,14:24:43,1277.5950,24
GDH9,14:24:43,1316.3100,3
GDH9,14:24:46,1316.2080,3
GDH9,14:24:46,1251.6880,1
GDH9,14:24:54,1303.4050,2
GDH9,14:25:34,1277.5950,1
GDH9,14:25:37,1342.1200,100
GDH9,14:25:37,1329.2150,2
GDH9,14:25:37,1251.7850,25
GDH9,14:25:37,1251.7850,4
GDH9,14:25:37,1329.2150,9
GDH9,14:25:37,1303.4050,2
GDH9,14:25:37,1264.6900,1
GDH9,14:25:37,1355.0250,5
GDH9,14:25:37,1264.6900,2
GDH9,14:25:37,1355.0250,5
GDH9,14:25:37,1277.5950,6
GDH9,14:25:37,1290.5000,2
GDH9,14:25:37,1251.7850,1
GDH9,14:25:37,1329.2150,14
GDH9,14:25:37,1277.5950,6
GDH9,14:25:37,1316.3100,4
GDH9,14:25:37,1355.0250,5
GDH9,14:25:37,1251.7850,5
GDH9,14:25:37,1329.2150,1
GDH9,14:25:37,1225.9750,5
GDH9,14:25:37,1316.3100,2
GDH9,14:25:37,1251.7850,2
GDH9,14:25:37,1290.5000,56
GDH9,14:25:37,1290.6000,1
GDH9,14:25:37,1264.8860,1
GDH9,14:25:37,1342.3280,1
GDH9,14:26:27,1238.9760,3
GDH9,14:26:53,1264.6900,10
GDH9,14:26:54,1303.4050,10
GDH9,14:26:56,1316.3100,5
GDH9,14:26:56,1238.9760,5
GDH9,14:26:57,1342.2240,10
GDH9,14:26:58,1316.4120,1
GDH9,14:27:00,1316.4120,6
GDH9,14:27:00,1238.9760,1
GDH9,14:27:00,1329.3180,2
GDH9,14:27:00,1316.4120,1
GDH9,14:27:01,1290.6000,10
GDH9,14:27:04,1277.7930,3
GDH9,14:27:04,1303.6070,1
GDH9,14:27:04,1290.7000,6
GDH9,14:27:06,1290.7000,4
GDH9,14:27:06,1290.7000,1
GDH9,14:27:06,1355.2350,2
GDH9,14:27:06,1264.8860,3
GDH9,14:27:07,1355.2350,10
GDH9,14:27:08,1342.3280,1
GDH9,14:27:08,1342.3280,4
GDH9,14:27:08,1303.6070,5
GDH9,14:27:08,1264.8860,1
GDH9,14:27:08,1251.9790,2
GDH9,14:27:08,1290.7000,3
GDH9,14:27:08,1226.1650,4
GDH9,14:27:10,1342.3280,1
GDH9,14:27:10,1329.4210,3
GDH9,14:27:10,1239.1680,6
GDH9,14:27:10,1290.7000,2
GDH9,14:27:12,1239.1680,4
GDH9,14:27:12,1355.3400,6
GDH9,14:27:12,1277.6940,1
GDH9,14:27:14,1316.6160,4
GDH9,14:27:14,1226.2600,1
GDH9,14:27:14,1252.0760,1
GDH9,14:27:14,1303.7080,1
GDH9,14:27:14,1277.8920,3
GDH9,14:27:29,1239.0720,10
GDH9,14:27:31,1355.2350,2
GDH9,14:27:31,1252.0760,1
GDH9,14:27:31,1264.9840,2
GDH9,14:27:31,1277.8920,5
GDH9,14:27:31,1264.8860,1
GDH9,14:27:31,1342.3280,3
GDH9,14:27:31,1239.1680,1
GDH9,14:27:31,1303.7080,4
GDH9,14:27:31,1277.8920,1
GDH9,14:27:31,1342.4320,3
GDH9,14:27:31,1252.1730,1
GDH9,14:27:32,1226.2600,1
GDH9,14:27:35,1329.5240,9
GDH9,14:27:35,1290.8000,1
GDH9,14:27:36,1239.1680,3
GDH9,14:27:36,1342.5360,5
GDH9,14:27:36,1355.4450,2
GDH9,14:27:37,1303.8090,1
GDH9,14:27:37,1355.4450,3
GDH9,14:27:37,1303.8090,4
GDH9,14:27:37,1265.0820,1
GDH9,14:27:37,1226.3550,1
GDH9,14:27:41,1329.5240,6
GDH9,14:27:44,1329.4210,10
GDH9,14:27:44,1264.8860,3
GDH9,14:28:28,1238.9760,8
GDH9,14:28:28,1238.9760,22
GDH9,14:29:24,1277.7930,1
GDH9,14:29:26,1264.7880,1
GDH9,14:29:38,1316.6160,10
GDH9,14:29:38,1264.9840,3
GDH9,14:29:38,1355.3400,2
GDH9,14:29:38,1355.3400,2
GDH9,14:29:38,1316.6160,2
GDH9,14:29:38,1239.1680,1
GDH9,14:30:06,1290.5000,1
GDH9,14:30:06,1238.8800,1
GDH9,14:30:15,1290.6000,1
GDH9,14:30:52,1264.8860,3
GDH9,14:30:52,1251.9790,4
GDH9,14:30:52,1277.7930,1
GDH9,14:30:52,1303.6070,2
GDH9,14:30:52,1342.3280,3
GDH9,14:30:52,1316.5140,7
GDH9,14:30:54,1342.3280,6
GDH9,14:30:54,1355.2350,4
GDH9,14:30:54,1303.6070,1
GDH9,14:30:54,1277.7930,2
GDH9,14:30:54,1264.8860,3
GDH9,14:30:54,1329.4210,4
GDH9,14:31:02,1329.4210,4
GDH9,14:31:02,1290.7000,4
GDH9,14:31:02,1342.3280,3
GDH9,14:31:02,1277.7930,4
GDH9,14:31:02,1303.6070,1
GDH9,14:31:02,1226.1650,2
GDH9,14:31:02,1239.0720,1
GDH9,14:31:02,1226.1650,1
GDH9,14:31:05,1303.6070,1
GDH9,14:31:05,1316.5140,2
GDH9,14:31:05,1277.7930,8
GDH9,14:31:05,1290.7000,2
GDH9,14:31:05,1226.1650,2
GDH9,14:31:05,1290.7000,3
GDH9,14:31:05,1303.7080,2
GDH9,14:31:07,1264.8860,1
GDH9,14:31:07,1316.5140,8
GDH9,14:31:07,1252.0760,8
GDH9,14:31:07,1316.6160,1
GDH9,14:31:07,1277.8920,2
GDH9,14:31:08,1329.4210,1
GDH9,14:31:39,1329.4210,1
GDH9,14:31:39,1252.0760,10
GDH9,14:31:39,1239.1680,5
GDH9,14:31:39,1264.9840,3
GDH9,14:31:39,1277.8920,81
GDH9,14:31:47,1342.3280,2
GDH9,14:31:50,1251.8820,2
GDH9,14:32:40,1316.3100,2
GDH9,14:32:40,1277.5950,1
GDH9,14:32:40,1238.8800,1
GDH9,14:32:50,1316.3100,1
GDH9,14:34:06,1303.3040,1
GDH9,14:35:11,1238.8800,1
GDH9,14:36:08,1303.5060,1
GDH9,14:39:59,1264.8860,1
GDH9,14:39:59,1264.8860,1
GDH9,14:40:14,1316.6160,1
GDH9,14:42:32,1290.7000,1
GDH9,14:42:32,1355.2350,6
GDH9,14:42:37,1329.4210,3
GDH9,14:44:06,1303.7080,1
GDH9,14:44:06,1277.8920,3
GDH9,14:44:06,1252.0760,1
GDH9,14:44:06,1329.5240,1
GDH9,14:44:06,1329.6270,1
GDH9,14:45:17,1329.6270,5
GDH9,14:46:44,1329.5240,1
GDH9,14:48:24,1290.7000,1
GDH9,14:51:36,1329.1120,1
GDH9,14:51:36,1316.2080,2
GDH9,14:51:36,1225.8800,2
GDH9,14:51:38,1251.6880,1
GDH9,14:51:38,1354.9200,4
GDH9,14:51:43,1226.0700,1
GDH9,14:51:43,1226.0700,1
GDH9,14:52:22,1354.9200,2
GDH9,14:52:39,1316.4120,4
GDH9,14:52:39,1342.2240,1
GDH9,14:52:51,1264.7880,2
GDH9,14:52:51,1277.6940,2
GDH9,14:52:51,1238.9760,1
GDH9,14:53:03,1251.5910,1
GDH9,14:53:03,1225.7850,2
GDH9,14:53:03,1303.2030,2
GDH9,14:53:26,1342.0160,5
GDH9,14:53:29,1316.2080,2
GDH9,14:53:29,1342.0160,1
GDH9,14:53:29,1225.8800,2
GDH9,14:53:40,1354.7100,2
GDH9,14:53:40,1341.8080,3
GDH9,14:53:47,1238.5920,1
GDH9,14:53:47,1341.8080,1
GDH9,14:53:47,1277.2980,1
GDH9,14:53:47,1277.2980,3
GDH9,14:53:47,1341.8080,4
GDH9,14:53:47,1238.5920,1
GDH9,14:53:47,1264.3960,5
GDH9,14:53:47,1328.9060,2
GDH9,14:53:47,1341.7040,2
GDH9,14:53:54,1316.0040,1
GDH9,14:54:03,1238.6880,2
GDH9,14:54:03,1316.1060,1
GDH9,14:54:03,1354.8150,2
GDH9,14:54:26,1290.2000,4
GDH9,14:54:26,1341.8080,1
GDH9,14:54:29,1303.1020,1
GDH9,14:54:46,1290.2000,2
GDH9,14:54:46,1277.2980,3
GDH9,14:54:46,1316.0040,2
GDH9,14:54:46,1251.4940,1
GDH9,14:55:23,1354.7100,1
GDH9,14:55:39,1225.6900,10
GDH9,14:56:00,1303.2030,10
GDH9,14:59:06,1238.6880,1
GDH9,14:59:06,1264.4940,2
GDH9,14:59:06,1316.1060,1
GDH9,14:59:06,1264.4940,2
GDH9,14:59:06,1316.1060,2
GDH9,14:59:06,1303.2030,2
GDH9,14:59:47,1303.3040,5
GDH9,15:00:44,1342.1200,20
GDH9,15:00:44,1251.7850,1
GDH9,15:00:55,1277.4960,3
GDH9,15:00:55,1264.5920,22
GDH9,15:00:55,1264.5920,1
GDH9,15:01:44,1277.5950,27
GDH9,15:01:44,1329.2150,6
GDH9,15:01:44,1225.9750,5
GDH9,15:01:44,1277.5950,15
GDH9,15:01:44,1342.1200,5
GDH9,15:01:44,1225.9750,9
GDH9,15:01:46,1316.3100,5
GDH9,15:01:48,1238.8800,5
GDH9,15:01:48,1251.7850,2
GDH9,15:01:48,1290.5000,48
GDH9,15:01:48,1355.0250,2
GDH9,15:01:48,1329.2150,40
GDH9,15:01:48,1342.1200,1
GDH9,15:01:48,1290.5000,2
GDH9,15:01:48,1355.0250,2
GDH9,15:01:48,1264.6900,5
GDH9,15:02:18,1264.8860,1
GDH9,15:02:58,1316.6160,1
GDH9,15:03:39,1251.7850,3
GDH9,15:03:39,1316.4120,2
GDH9,15:03:39,1355.1300,1
GDH9,15:04:09,1303.5060,3
GDH9,15:05:33,1251.5910,6
GDH9,15:05:41,1290.3000,6
GDH9,15:05:41,1329.0090,8
GDH9,15:05:55,1354.8150,1
GDH9,15:05:55,1238.6880,1
GDH9,15:05:56,1251.5910,3
GDH9,15:05:57,1316.1060,1
GDH9,15:05:58,1277.3970,3
GDH9,15:05:59,1225.7850,1
GDH9,15:06:32,1355.2350,1
GDH9,15:07:04,1303.5060,1
GDH9,15:07:29,1355.0250,1
GDH9,15:08:58,1238.8800,1
GDH9,15:10:40,1290.7000,1
GDH9,15:10:43,1290.7000,1
GDH9,15:11:28,1225.8800,1
GDH9,15:11:38,1354.9200,1
GDH9,15:11:47,1264.4940,1
GDH9,15:11:50,1238.5920,1
GDH9,15:13:40,1277.5950,14
GDH9,15:15:10,1303.4050,3
GDH9,15:15:10,1277.5950,1
GDH9,15:15:10,1251.7850,1
GDH9,15:16:01,1290.7000,1
GDH9,15:16:01,1303.6070,2
GDH9,15:17:03,1226.2600,1
GDH9,15:17:03,1290.8000,4
GDH9,15:17:03,1264.9840,3
GDH9,15:17:23,1303.7080,2
GDH9,15:18:59,1290.7000,1
GDH9,15:19:10,1264.7880,1
GDH9,15:19:41,1303.8090,1
GDH9,15:20:32,1355.0250,1
GDH9,15:21:14,1251.7850,2
GDH9,15:21:14,1238.8800,2
GDH9,15:21:14,1290.5000,4
GDH9,15:23:15,1264.6900,1
GDH9,15:23:16,1355.0250,1
GDH9,15:23:17,1251.7850,1
GDH9,15:23:17,1329.2150,1
GDH9,15:23:18,1316.3100,1
GDH9,15:23:19,1290.5000,1
GDH9,15:23:20,1355.0250,1
GDH9,15:23:20,1355.0250,1
GDH9,15:23:21,1316.3100,1
GDH9,15:23:22,1342.1200,1
GDH9,15:24:18,1277.5950,3
GDH9,15:24:18,1238.8800,1
GDH9,15:25:35,1355.1300,4
GDH9,15:27:34,1290.8000,1
GDH9,15:27:34,1303.7080,2
GDH9,15:27:34,1277.8920,2
GDH9,15:27:34,1316.6160,3
GDH9,15:27:34,1264.9840,1
GDH9,15:29:11,1342.3280,1
GDH9,15:31:33,1252.0760,1
GDH9,15:31:33,1329.5240,2
GDH9,15:31:33,1239.1680,3
GDH9,15:31:52,1342.1200,8
GDH9,15:31:52,1251.7850,2
GDH9,15:32:57,1291.0000,2
GDH9,15:32:57,1226.4500,1
GDH9,15:32:57,1342.6400,3
GDH9,15:32:57,1303.9100,2
GDH9,15:32:57,1342.6400,7
GDH9,15:32:57,1252.2700,28
GDH9,15:32:57,1226.5450,1
GDH9,15:32:57,1278.1890,4
GDH9,15:32:57,1317.0240,1
GDH9,15:32:57,1342.8480,1
GDH9,15:32:57,1342.8480,2
GDH9,15:32:57,1278.2880,1
GDH9,15:32:57,1226.6400,3
GDH9,15:32:57,1342.8480,6
GDH9,15:32:57,1342.8480,1
GDH9,15:32:57,1304.1120,1
GDH9,15:32:57,1278.2880,2
GDH9,15:32:58,1329.9360,3
GDH9,15:32:58,1304.1120,1
GDH9,15:32:58,1304.1120,4
GDH9,15:32:58,1317.0240,1
GDH9,15:32:58,1355.7600,1
GDH9,15:32:58,1252.3670,1
GDH9,15:34:42,1290.9000,1
GDH9,15:34:42,1239.2640,3
GDH9,15:36:45,1226.2600,1
GDH9,15:36:45,1252.0760,1
GDH9,15:36:48,1290.9000,1
GDH9,15:36:48,1303.9100,3
GDH9,15:38:05,1290.7000,1
GDH9,15:38:06,1290.7000,1
GDH9,15:38:06,1329.4210,1
GDH9,15:38:07,1251.9790,1
GDH9,15:38:07,1329.4210,1
GDH9,15:38:08,1277.7930,1
GDH9,15:38:10,1251.9790,1
GDH9,15:38:11,1355.2350,1
GDH9,15:38:12,1355.2350,1
GDH9,15:38:13,1329.4210,1
GDH9,15:38:49,1303.5060,1
GDH9,15:38:49,1226.0700,3
GDH9,15:38:49,1329.3180,4
GDH9,15:40:29,1277.6940,2
GDH9,15:40:35,1355.0250,1
GDH9,15:42:21,1316.3100,1
GDH9,15:42:21,1277.5950,1
GDH9,15:42:21,1303.4050,1
GDH9,15:44:48,1264.7880,1
GDH9,15:44:48,1290.6000,8
GDH9,15:47:22,1225.7850,1
GDH9,15:47:22,1264.4940,1
GDH9,15:47:29,1264.3960,1
GDH9,15:47:29,1251.4940,1
GDH9,15:47:29,1303.1020,3
GDH9,15:47:50,1225.6900,1
GDH9,15:47:54,1225.6900,2
GDH9,15:48:00,1225.5950,2
GDH9,15:48:05,1303.0010,1
GDH9,15:48:05,1238.4960,3
GDH9,15:48:05,1225.5950,3
GDH9,15:48:05,1290.1000,1
GDH9,15:48:10,1341.6000,2
GDH9,15:48:10,1290.0000,8
GDH9,15:48:10,1225.5000,2
GDH9,15:48:11,1315.9020,1
GDH9,15:48:13,1354.5000,1
GDH9,15:48:13,1341.6000,3
GDH9,15:48:22,1315.8000,1
GDH9,15:48:22,1341.6000,1
GDH9,15:48:22,1225.5000,1
GDH9,15:48:22,1354.5000,1
GDH9,15:48:55,1354.5000,2
GDH9,15:48:55,1302.9000,2
GDH9,15:48:55,1251.3000,1
GDH9,15:48:55,1277.1000,2
GDH9,15:48:55,1341.6000,2
GDH9,15:48:55,1238.4000,1
GDH9,15:49:01,1264.2000,3
GDH9,15:49:01,1225.5000,4
GDH9,15:49:01,1341.6000,3
GDH9,15:49:02,1225.5000,6
GDH9,15:49:02,1341.6000,1
GDH9,15:49:02,1302.9000,2
GDH9,15:49:02,1225.5000,1
GDH9,15:49:03,1277.0010,4
GDH9,15:49:03,1328.5970,6
GDH9,15:49:03,1328.5970,1
GDH9,15:50:11,1238.4960,1
GDH9,15:50:11,1303.0010,5
GDH9,15:50:11,1277.1990,13
GDH9,15:50:11,1225.5950,2
GDH9,15:50:11,1341.7040,5
GDH9,15:50:11,1251.3970,3
GDH9,15:50:11,1328.8030,3
GDH9,15:50:11,1315.9020,1
GDH9,15:50:11,1290.1000,10
GDH9,15:50:11,1354.6050,1
GDH9,15:50:11,1225.5950,1
GDH9,15:50:11,1264.2980,18
GDH9,15:50:15,1277.2980,5
GDH9,15:50:15,1328.9060,2
GDH9,15:50:15,1251.4940,1
GDH9,15:50:15,1290.2000,10
GDH9,15:50:15,1316.0040,2
GDH9,15:50:15,1290.2000,2
GDH9,15:50:15,1303.1020,15
GDH9,15:51:22,1290.3000,1
GDH9,15:51:22,1290.3000,3
GDH9,15:51:22,1277.3970,1
GDH9,15:51:22,1290.3000,3
GDH9,15:51:22,1277.3970,1
GDH9,15:51:26,1251.6880,1
GDH9,15:51:26,1303.3040,3
GDH9,15:51:43,1277.4960,1
GDH9,15:51:43,1329.1120,3
GDH9,15:51:43,1329.1120,1
GDH9,15:52:47,1316.3100,3
GDH9,15:55:39,1342.0160,5
GDH9,15:56:09,1303.4050,5
GDH9,15:56:09,1238.8800,1
GDH9,15:56:09,1329.2150,2
GDH9,15:56:09,1290.5000,10
GDH9,15:56:09,1303.4050,4
GDH9,15:56:09,1238.8800,9
GDH9,15:56:09,1316.3100,5
GDH9,15:56:09,1303.4050,1
GDH9,15:56:43,1238.8800,1
GDH9,15:57:37,1290.5000,51
GDH9,15:57:38,1290.5000,10
GDH9,15:57:40,1264.6900,1
GDH9,15:57:40,1238.8800,9
GDH9,15:57:41,1264.6900,10
GDH9,15:57:41,1264.6900,27
GDH9,15:57:41,1303.4050,38
GDH9,15:57:42,1303.4050,10
GDH9,15:57:44,1316.3100,6
GDH9,15:57:44,1329.2150,4
GDH9,15:57:45,1329.2150,10
GDH9,15:57:46,1303.4050,10
GDH9,15:57:47,1238.8800,10
GDH9,15:57:47,1251.7850,5
GDH9,15:57:47,1251.7850,3
GDH9,15:57:47,1251.7850,5
GDH9,15:57:47,1329.2150,3
GDH9,15:57:47,1316.3100,10
GDH9,15:57:48,1342.1200,19
GDH9,15:57:48,1225.9750,7
GDH9,15:57:48,1277.5950,14
GDH9,15:57:48,1290.4000,5
GDH9,15:57:48,1238.7840,2
GDH9,15:57:48,1277.4960,3
GDH9,15:57:51,1329.0090,1
GDH9,15:57:51,1303.2030,9
GDH9,15:58:57,1238.7840,2
GDH9,15:59:16,1303.1020,1
GDH9,15:59:16,1354.7100,2
GDH9,16:00:52,1277.2980,3
GDH9,16:00:52,1328.9060,1
GDH9,16:00:52,1354.7100,1
GDH9,16:01:51,1225.6900,1
GDH9,16:01:51,1264.3960,1
GDH9,16:01:55,1290.2000,1
GDH9,16:01:55,1328.9060,2
GDH9,16:02:19,1303.0010,1
GDH9,16:02:53,1341.6000,1
GDH9,16:03:24,1354.5000,1
GDH9,16:03:45,1251.3000,1
GDH9,16:05:29,1225.3100,1
GDH9,16:05:30,1341.2880,2
GDH9,16:05:30,1315.4940,1
GDH9,16:05:36,1238.1120,2
GDH9,16:06:21,1250.9120,1
GDH9,16:06:21,1341.1840,3
GDH9,16:06:21,1276.6050,1
GDH9,16:06:22,1315.2900,1
GDH9,16:06:22,1302.3950,1
GDH9,16:06:22,1302.3950,5
GDH9,16:06:22,1225.0250,5
GDH9,16:06:22,1263.7100,88
GDH9,16:06:29,1276.6050,1
GDH9,16:06:29,1315.2900,5
GDH9,16:06:37,1340.9760,4
GDH9,16:06:37,1263.6120,1
GDH9,16:07:06,1328.1850,1
GDH9,16:07:06,1341.0800,3
GDH9,16:07:46,1225.0250,1
GDH9,16:10:54,1276.4070,2
GDH9,16:11:44,1327.9790,4
GDH9,16:13:12,1276.4070,4
GDH9,16:13:12,1224.8350,4
GDH9,16:13:12,1237.7280,1
GDH9,16:13:12,1289.3000,1
GDH9,16:13:12,1263.5140,4
GDH9,16:13:12,1224.8350,1
GDH9,16:13:12,1327.9790,2
GDH9,16:13:12,1237.7280,9
GDH9,16:13:12,1353.7650,7
GDH9,16:13:12,1276.4070,5
GDH9,16:13:12,1353.7650,1
GDH9,16:13:12,1327.9790,1
GDH9,16:13:38,1302.3950,6
GDH9,16:13:38,1328.1850,1
GDH9,16:14:40,1341.6000,1
GDH9,16:14:45,1264.2980,3
GDH9,16:14:45,1225.5950,3
GDH9,16:14:45,1315.9020,3
GDH9,16:14:45,1225.5950,3
GDH9,16:14:45,1303.0010,1
GDH9,16:14:45,1251.3970,2
GDH9,16:14:49,1225.7850,1
GDH9,16:15:43,1264.2980,4
GDH9,16:15:43,1238.4960,1
GDH9,16:15:48,1354.7100,1
GDH9,16:17:12,1290.1000,3
GDH9,16:17:12,1354.6050,3
GDH9,16:18:08,1251.3000,3
GDH9,16:18:08,1238.4960,1
GDH9,16:19:46,1277.1990,1
GDH9,16:20:30,1328.8030,1
GDH9,16:20:44,1277.2980,2
GDH9,16:20:51,1316.1060,1
GDH9,16:20:51,1341.9120,1
GDH9,16:20:59,1329.1120,1
GDH9,16:20:59,1342.0160,1
GDH9,16:21:02,1290.3000,2
GDH9,16:22:33,1354.9200,2
GDH9,16:22:34,1277.4960,1
GDH9,16:24:00,1239.0720,1
GDH9,16:24:05,1355.3400,1
GDH9,16:24:05,1303.7080,1
GDH9,16:24:27,1264.9840,1
GDH9,16:24:28,1290.8000,1
GDH9,16:24:42,1277.7930,2
GDH9,16:24:42,1226.1650,1
GDH9,16:24:46,1290.7000,2
GDH9,16:24:59,1329.2150,3
GDH9,16:24:59,1290.5000,1
GDH9,16:25:04,1277.7930,1
GDH9,16:25:44,1238.9760,1
GDH9,16:25:44,1277.6940,4
GDH9,16:25:44,1355.1300,3
GDH9,16:25:44,1277.6940,3
GDH9,16:25:47,1264.8860,1
GDH9,16:25:47,1226.1650,4
GDH9,16:25:48,1303.6070,2
GDH9,16:26:29,1316.5140,3
GDH9,16:26:52,1239.2640,3
GDH9,16:27:33,1226.4500,2
GDH9,16:27:33,1329.7300,2
GDH9,16:27:49,1355.5500,1
GDH9,16:27:50,1290.9000,1
GDH9,16:28:20,1329.7300,1
GDH9,16:28:59,1291.0000,1
GDH9,16:29:09,1252.2700,6
GDH9,16:29:09,1265.1800,5
GDH9,16:29:09,1291.0000,6
GDH9,16:29:09,1265.1800,3
GDH9,16:29:35,1290.9000,6
GDH9,16:29:35,1329.6270,5
GDH9,16:29:35,1252.1730,1
GDH9,16:29:51,1342.5360,28
GDH9,16:29:51,1239.2640,31
GDH9,16:29:51,1316.7180,10
GDH9,16:29:51,1252.1730,6
GDH9,16:30:07,1291.0000,6
GDH9,16:30:07,1239.3600,7
GDH9,16:30:21,1342.7440,1
GDH9,16:30:26,1265.2780,1
GDH9,16:30:27,1291.2000,2
GDH9,16:30:27,1329.9360,1
GDH9,16:30:27,1291.2000,2
GDH9,16:30:27,1342.8480,6
GDH9,16:30:27,1278.2880,2
GDH9,16:30:28,1330.0390,1
GDH9,16:30:28,1342.9520,3
GDH9,16:30:29,1252.5610,4
GDH9,16:30:29,1355.8650,1
GDH9,16:30:29,1239.6480,5
GDH9,16:30:29,1252.6580,6
GDH9,16:30:29,1278.4860,14
GDH9,16:30:29,1226.9250,5
GDH9,16:30:29,1317.3300,1
GDH9,16:30:29,1239.8400,10
GDH9,16:30:29,1330.3480,4
GDH9,16:30:29,1278.6840,6
GDH9,16:30:29,1356.1800,19
GDH9,16:30:29,1356.1800,3
GDH9,16:30:29,1343.2640,40
GDH9,16:30:29,1317.4320,12
GDH9,16:30:29,1304.5160,1
GDH9,16:30:29,1252.8520,25
GDH9,16:30:29,1252.9490,1
GDH9,16:30:29,1278.7830,1
GDH9,16:30:29,1278.8820,1
GDH9,16:30:29,1356.3900,17
GDH9,16:30:29,1265.8660,6
GDH9,16:30:29,1330.4510,4
GDH9,16:30:29,1330.4510,6
GDH9,16:30:29,1291.6000,6
GDH9,16:30:29,1356.1800,1
GDH9,16:30:29,1343.2640,6
GDH9,16:30:29,1265.7680,20
GDH9,16:30:29,1317.5340,14
GDH9,16:30:29,1304.6170,5
GDH9,16:30:29,1265.8660,10
GDH9,16:30:29,1278.7830,5
GDH9,16:30:29,1240.0320,1
GDH9,16:30:29,1317.5340,1
GDH9,16:30:29,1226.9250,1
GDH9,16:30:29,1240.0320,1
GDH9,16:30:29,1317.3300,1
GDH9,16:30:29,1265.8660,10
GDH9,16:30:29,1317.6360,5
GDH9,16:30:29,1356.3900,5
GDH9,16:30:29,1227.2100,6
GDH9,16:30:29,1356.3900,10
GDH9,16:30:29,1265.9640,4
GDH9,16:30:29,1343.5760,1
GDH9,16:30:29,1356.4950,1
GDH9,16:30:29,1356.4950,1
GDH9,16:30:29,1291.9000,10
GDH9,16:30:29,1278.9810,5
GDH9,16:30:29,1343.5760,6
GDH9,16:30:29,1330.6570,20
GDH9,16:30:29,1278.9810,16
GDH9,16:30:30,1304.8190,5
GDH9,16:30:30,1227.3050,1
GDH9,16:30:30,1240.1280,2
GDH9,16:30:30,1317.6360,1
GDH9,16:30:30,1317.6360,5
GDH9,16:30:30,1356.3900,4
GDH9,16:30:38,1239.9360,1
GDH9,16:30:39,1265.6700,20
GDH9,16:30:39,1252.7550,25
GDH9,16:30:39,1226.9250,35
GDH9,16:30:49,1317.3300,3
GDH9,16:30:49,1356.0750,6
GDH9,16:30:51,1330.3480,1
GDH9,16:31:05,1304.5160,1
GDH9,16:31:05,1227.0200,1
GDH9,16:31:05,1343.3680,1
GDH9,16:31:17,1356.0750,1
GDH9,16:31:33,1330.4510,10
GDH9,16:32:49,1227.2100,2
GDH9,16:32:49,1253.0460,3
GDH9,16:32:49,1304.7180,1
GDH9,16:32:49,1291.8000,2
GDH9,16:32:49,1278.8820,1
GDH9,16:32:49,1278.8820,1
GDH9,16:32:49,1317.7380,3
GDH9,16:32:49,1317.7380,5
GDH9,16:32:49,1304.8190,1
GDH9,16:32:49,1356.4950,4
GDH9,16:32:49,1343.5760,5
GDH9,16:32:49,1240.2240,6
GDH9,16:32:49,1240.2240,66
GDH9,16:32:49,1253.1430,1
GDH9,16:33:08,1330.6570,1
GDH9,16:33:08,1279.0800,3
GDH9,16:33:08,1240.3200,5
GDH9,16:33:08,1292.0000,2
GDH9,16:33:08,1279.0800,2
GDH9,16:33:08,1292.0000,1
GDH9,16:33:08,1304.9200,1
GDH9,16:33:08,1266.1600,5
GDH9,16:33:08,1279.0800,1
GDH9,16:33:09,1343.6800,1
GDH9,16:33:09,1317.8400,2
GDH9,16:33:09,1227.4000,1
GDH9,16:33:09,1343.7840,1
GDH9,16:33:09,1305.0210,1
GDH9,16:33:09,1253.3370,1
GDH9,16:33:09,1343.7840,1
GDH9,16:33:09,1343.6800,1
GDH9,16:33:09,1304.9200,2
GDH9,16:33:09,1356.6000,97
GDH9,16:33:09,1292.1000,2
GDH9,16:33:09,1292.1000,1
GDH9,16:33:09,1292.1000,1
GDH9,16:33:09,1253.3370,1
GDH9,16:33:10,1330.7600,2
GDH9,16:33:10,1317.8400,1
GDH9,16:33:11,1343.7840,1
GDH9,16:33:12,1317.9420,5
GDH9,16:33:12,1253.3370,2
GDH9,16:33:12,1305.0210,1
GDH9,16:33:12,1240.4160,1
GDH9,16:33:12,1356.7050,5
GDH9,16:33:12,1240.4160,2
GDH9,16:33:12,1356.7050,7
GDH9,16:33:17,1292.1000,1
GDH9,16:33:17,1266.2580,1
GDH9,16:33:17,1240.4160,1
GDH9,16:33:17,1253.3370,1
GDH9,16:33:17,1266.2580,2
GDH9,16:33:17,1330.8630,1
GDH9,16:33:17,1305.0210,1
GDH9,16:33:22,1279.1790,1
GDH9,16:33:24,1253.3370,1
GDH9,16:33:40,1317.8400,1
GDH9,16:33:49,1279.1790,1
GDH9,16:33:49,1227.4950,73
GDH9,16:33:49,1279.1790,9
GDH9,16:33:49,1240.4160,17
GDH9,16:33:49,1330.8630,12
GDH9,16:33:49,1305.0210,10
GDH9,16:33:49,1227.4950,4
GDH9,16:33:49,1330.8630,1
GDH9,16:33:49,1343.7840,8
GDH9,16:33:49,1305.1220,1
GDH9,16:33:49,1305.1220,1
GDH9,16:33:49,1330.9660,1
GDH9,16:33:49,1227.5900,2
GDH9,16:33:49,1318.0440,1
GDH9,16:33:49,1356.9150,1
GDH9,16:33:49,1240.6080,1
GDH9,16:33:49,1356.9150,3
GDH9,16:33:49,1279.3770,6
GDH9,16:33:49,1356.9150,3
GDH9,16:33:49,1240.6080,10
GDH9,16:33:49,1318.1460,80
GDH9,16:33:49,1305.2230,2
GDH9,16:33:49,1318.2480,6
GDH9,16:33:49,1344.0960,3
GDH9,16:33:49,1318.2480,1
GDH9,16:33:49,1331.1720,5
GDH9,16:33:49,1318.3500,1
GDH9,16:33:49,1292.5000,1
GDH9,16:33:49,1240.8000,8
GDH9,16:33:49,1292.5000,2
GDH9,16:33:49,1305.4250,1
GDH9,16:33:49,1331.2750,5
GDH9,16:33:49,1357.1250,1
GDH9,16:33:49,1318.3500,2
GDH9,16:33:49,1227.8750,5
GDH9,16:33:49,1344.0960,1
GDH9,16:33:49,1331.1720,6
GDH9,16:33:49,1305.3240,3
GDH9,16:33:49,1240.6080,8
GDH9,16:33:49,1331.0690,2
GDH9,16:33:49,1279.3770,3
GDH9,16:33:49,1253.5310,3
GDH9,16:33:49,1279.3770,6
GDH9,16:33:49,1240.7040,1
GDH9,16:33:49,1292.4000,2
GDH9,16:33:49,1305.1220,8
GDH9,16:33:49,1279.2780,2
GDH9,16:33:49,1318.0440,2
GDH9,16:33:49,1356.8100,6
GDH9,16:33:49,1253.4340,2
GDH9,16:33:49,1240.6080,3
GDH9,16:33:49,1292.3000,1
GDH9,16:33:49,1292.3000,1
GDH9,16:33:49,1305.2230,2
GDH9,16:33:49,1279.3770,2
GDH9,16:33:49,1253.5310,4
GDH9,16:33:49,1266.4540,1
GDH9,16:33:49,1356.9150,1
GDH9,16:33:49,1331.0690,2
GDH9,16:33:49,1356.9150,1
GDH9,16:33:49,1279.3770,2
GDH9,16:33:49,1318.1460,1
GDH9,16:33:49,1344.0960,1
GDH9,16:33:49,1227.6850,1
GDH9,16:33:49,1227.6850,2
GDH9,16:33:49,1318.1460,2
GDH9,16:33:49,1292.3000,2
GDH9,16:33:49,1356.9150,1
GDH9,16:33:49,1253.5310,3
GDH9,16:33:49,1266.4540,2
GDH9,16:33:49,1292.3000,2
GDH9,16:33:49,1356.9150,2
GDH9,16:33:49,1279.3770,2
GDH9,16:33:49,1318.1460,2
GDH9,16:33:49,1343.9920,2
GDH9,16:33:49,1240.6080,1
GDH9,16:33:49,1227.6850,2
GDH9,16:33:49,1279.3770,6
GDH9,16:33:49,1292.4000,1
GDH9,16:33:50,1227.6850,1
GDH9,16:33:50,1331.1720,2
GDH9,16:33:50,1331.1720,1
GDH9,16:33:50,1344.2000,4
GDH9,16:33:50,1331.2750,1
GDH9,16:33:50,1253.7250,3
GDH9,16:33:50,1344.2000,8
GDH9,16:33:50,1305.4250,10
GDH9,16:33:50,1292.5000,4
GDH9,16:33:50,1357.1250,5
GDH9,16:33:50,1331.2750,5
GDH9,16:33:50,1253.8220,1
GDH9,16:33:50,1357.2300,1
GDH9,16:33:50,1253.8220,3
GDH9,16:33:50,1318.4520,12
GDH9,16:33:50,1292.5000,1
GDH9,16:33:50,1357.1250,1
GDH9,16:33:50,1318.2480,1
GDH9,16:33:50,1266.5520,1
GDH9,16:33:50,1344.0960,1
GDH9,16:33:50,1343.9920,3
GDH9,16:33:50,1356.9150,1
GDH9,16:33:50,1253.6280,1
GDH9,16:33:50,1240.7040,4
GDH9,16:33:50,1344.0960,2
GDH9,16:33:50,1292.4000,3
GDH9,16:33:50,1292.4000,3
GDH9,16:33:50,1266.5520,3
GDH9,16:33:50,1227.7800,6
GDH9,16:33:50,1305.3240,5
GDH9,16:33:50,1240.8000,4
GDH9,16:33:50,1266.6500,3
GDH9,16:33:50,1240.8000,3
GDH9,16:33:50,1253.7250,1
GDH9,16:33:50,1279.5750,2
GDH9,16:33:50,1318.3500,3
GDH9,16:33:50,1227.8750,1
GDH9,16:33:50,1318.3500,3
GDH9,16:33:50,1292.5000,5
GDH9,16:33:50,1357.1250,8
GDH9,16:33:50,1331.2750,1
GDH9,16:33:50,1253.7250,5
GDH9,16:33:50,1279.5750,34
GDH9,16:33:50,1318.3500,2
GDH9,16:33:51,1292.4000,2
GDH9,16:33:52,1240.6080,2
GDH9,16:33:52,1292.3000,1
GDH9,16:33:54,1227.6850,1
GDH9,16:33:54,1279.3770,1
GDH9,16:33:54,1253.4340,1
GDH9,16:33:54,1266.3560,7
GDH9,16:33:56,1227.5900,1
GDH9,16:33:56,1266.3560,1
GDH9,16:34:00,1330.9660,1
GDH9,16:34:00,1253.4340,3
GDH9,16:34:06,1279.5750,3
GDH9,16:34:07,1227.8750,1
GDH9,16:34:07,1292.5000,2
GDH9,16:34:07,1227.8750,3
GDH9,16:34:10,1331.2750,1
GDH9,16:34:11,1266.5520,7
GDH9,16:34:29,1253.7250,1
GDH9,16:34:29,1344.2000,2
GDH9,16:34:29,1240.8000,3
GDH9,16:34:29,1240.8000,6
GDH9,16:34:29,1240.8000,100
GDH9,16:34:29,1344.2000,1
GDH9,16:34:29,1227.8750,1
GDH9,16:34:29,1228.0650,1
GDH9,16:34:29,1357.3350,1
GDH9,16:34:29,1279.7730,1
GDH9,16:34:29,1240.9920,7
GDH9,16:34:29,1357.3350,1
GDH9,16:34:29,1331.4810,2
GDH9,16:34:29,1253.9190,1
GDH9,16:34:29,1279.7730,1
GDH9,16:34:29,1240.9920,1
GDH9,16:34:29,1292.7000,1
GDH9,16:34:29,1292.7000,1
GDH9,16:34:29,1318.6560,1
GDH9,16:34:29,1305.6270,3
GDH9,16:34:29,1292.7000,1
GDH9,16:34:29,1305.6270,1
GDH9,16:34:29,1318.6560,1
GDH9,16:34:29,1305.7280,3
GDH9,16:34:29,1241.0880,6
GDH9,16:34:29,1357.5450,1
GDH9,16:34:29,1305.8290,2
GDH9,16:34:29,1331.6870,6
GDH9,16:34:29,1292.9000,3
GDH9,16:34:29,1228.2550,20
GDH9,16:34:29,1357.5450,5
GDH9,16:34:29,1279.9710,3
GDH9,16:34:29,1267.1400,1
GDH9,16:34:29,1241.2800,28
GDH9,16:34:29,1357.6500,2
GDH9,16:34:29,1357.6500,1
GDH9,16:34:29,1318.8600,3
GDH9,16:34:29,1228.3500,1
GDH9,16:34:29,1331.7900,10
GDH9,16:34:29,1357.6500,6
GDH9,16:34:29,1293.0000,3
GDH9,16:34:29,1267.1400,20
GDH9,16:34:29,1228.4450,1
GDH9,16:34:29,1254.3070,3
GDH9,16:34:29,1241.3760,3
GDH9,16:34:29,1331.8930,3
GDH9,16:34:29,1228.4450,6
GDH9,16:34:29,1344.9280,1
GDH9,16:34:29,1241.4720,8
GDH9,16:34:29,1344.9280,6
GDH9,16:34:29,1280.2680,3
GDH9,16:34:29,1319.0640,51
GDH9,16:34:29,1305.7280,3
GDH9,16:34:29,1357.5450,5
GDH9,16:34:29,1279.8720,1
GDH9,16:34:29,1266.9440,2
GDH9,16:34:29,1266.9440,2
GDH9,16:34:29,1241.0880,1
GDH9,16:34:29,1228.1600,1
GDH9,16:34:29,1241.0880,1
GDH9,16:34:29,1292.8000,1
GDH9,16:34:29,1344.4080,1
GDH9,16:34:29,1344.4080,1
GDH9,16:34:29,1305.7280,3
GDH9,16:34:29,1305.6270,1
GDH9,16:34:29,1344.4080,7
GDH9,16:34:29,1228.0650,5
GDH9,16:34:29,1344.4080,3
GDH9,16:34:29,1228.0650,10
GDH9,16:34:29,1318.5540,1
GDH9,16:34:29,1253.8220,3
GDH9,16:34:29,1266.9440,3
GDH9,16:34:29,1266.9440,1
GDH9,16:34:29,1318.6560,2
GDH9,16:34:29,1357.4400,1
GDH9,16:34:29,1331.5840,2
GDH9,16:34:29,1318.7580,5
GDH9,16:34:29,1305.8290,2
GDH9,16:34:29,1266.9440,6
GDH9,16:34:29,1305.7280,1
GDH9,16:34:29,1318.7580,3
GDH9,16:34:30,1241.0880,1
GDH9,16:34:30,1318.6560,1
GDH9,16:34:31,1318.6560,1
GDH9,16:34:31,1254.0160,3
GDH9,16:34:31,1357.4400,3
GDH9,16:34:31,1254.1130,1
GDH9,16:34:31,1357.5450,3
GDH9,16:34:31,1228.2550,10
GDH9,16:34:31,1305.8290,7
GDH9,16:34:31,1228.2550,3
GDH9,16:34:31,1254.1130,1
GDH9,16:34:31,1305.8290,2
GDH9,16:34:31,1357.7550,3
GDH9,16:34:31,1254.3070,6
GDH9,16:34:31,1357.7550,2
GDH9,16:34:31,1306.1320,3
GDH9,16:34:31,1228.5400,2
GDH9,16:34:31,1241.4720,10
GDH9,16:34:31,1241.4720,11
GDH9,16:34:31,1357.8600,3
GDH9,16:34:31,1280.2680,1
GDH9,16:34:31,1241.4720,1
GDH9,16:34:31,1267.3360,10
GDH9,16:34:31,1357.8600,8
GDH9,16:34:31,1319.0640,56
GDH9,16:34:31,1280.3670,1
GDH9,16:34:31,1254.5010,4
GDH9,16:34:31,1228.6350,3
GDH9,16:34:31,1319.1660,3
GDH9,16:34:31,1306.2330,7
GDH9,16:34:31,1241.6640,6
GDH9,16:34:31,1228.7300,10
GDH9,16:34:31,1280.4660,2
GDH9,16:34:31,1254.5980,2
GDH9,16:34:31,1331.9960,1
GDH9,16:34:31,1267.3360,1
GDH9,16:34:31,1267.3360,3
GDH9,16:34:31,1319.0640,3
GDH9,16:34:31,1241.4720,6
GDH9,16:34:31,1319.0640,5
GDH9,16:34:31,1228.5400,3
GDH9,16:34:31,1293.2000,6
GDH9,16:34:31,1241.4720,3
GDH9,16:34:31,1280.2680,12
GDH9,16:34:31,1267.3360,3
GDH9,16:34:31,1319.1660,3
GDH9,16:34:31,1241.5680,4
GDH9,16:34:31,1345.0320,4
GDH9,16:34:31,1267.4340,5
GDH9,16:34:31,1228.6350,3
GDH9,16:34:31,1331.9960,1
GDH9,16:34:31,1280.2680,1
GDH9,16:34:31,1331.9960,1
GDH9,16:34:31,1357.9650,1
GDH9,16:34:31,1280.3670,1
GDH9,16:34:31,1254.5010,1
GDH9,16:34:31,1267.4340,7
GDH9,16:34:31,1254.5010,10
GDH9,16:34:31,1306.2330,1
GDH9,16:34:31,1357.9650,1
GDH9,16:34:31,1332.0990,2
GDH9,16:34:31,1254.5010,2
GDH9,16:34:31,1280.3670,1
GDH9,16:34:31,1267.4340,2
GDH9,16:34:31,1241.5680,7
GDH9,16:34:31,1228.6350,1
GDH9,16:34:31,1241.5680,1
GDH9,16:34:31,1293.4000,7
GDH9,16:34:31,1280.4660,2
GDH9,16:34:31,1345.1360,1
GDH9,16:34:31,1241.6640,10
GDH9,16:34:31,1228.7300,2
GDH9,16:34:31,1332.0990,8
GDH9,16:34:31,1319.1660,30
GDH9,16:34:31,1267.4340,1
GDH9,16:34:31,1293.3000,8
GDH9,16:34:31,1345.0320,16
GDH9,16:34:31,1357.9650,6
GDH9,16:34:31,1280.3670,1
GDH9,16:34:31,1228.6350,2
