SECID,TRADETIME,PRICE,QUANTITY
LKH9,19:05:00,53558.1600,1
LKH9,19:05:00,54610.4000,4
LKH9,19:05:00,53560.2000,9
LKH9,19:05:00,51356.9000,4
LKH9,19:05:01,52929.0500,1
LKH9,19:05:01,55025.2500,1
LKH9,19:05:01,54501.2000,1
LKH9,19:05:01,54501.2000,2
LKH9,19:05:02,52405.0000,2
LKH9,19:05:02,54501.2000,6
LKH9,19:05:03,51873.0300,2
LKH9,19:05:03,54492.8800,2
LKH9,19:05:03,51873.0300,2
LKH9,19:05:03,49777.1500,2
LKH9,19:05:03,50825.0900,1
LKH9,19:05:04,54002.9000,3
LKH9,19:05:04,55052.5500,2
LKH9,19:05:04,54528.2400,6
LKH9,19:05:04,49810.4000,2
LKH9,19:05:04,54537.6000,1
LKH9,19:05:04,50885.2300,2
LKH9,19:05:04,51934.4100,5
LKH9,19:05:04,50887.1700,1
LKH9,19:05:04,54048.2200,2
LKH9,19:05:04,54057.4900,1
LKH9,19:05:04,50908.5100,1
LKH9,19:05:05,53547.9600,1
LKH9,19:05:05,52441.0000,1
LKH9,19:05:05,52440.0000,4
LKH9,19:05:05,50923.0600,2
LKH9,19:05:05,54597.9200,1
LKH9,19:05:05,49873.1000,2
LKH9,19:05:05,53547.9600,1
LKH9,19:05:05,51448.0400,1
LKH9,19:05:05,53022.9800,1
LKH9,19:05:05,54073.9700,1
LKH9,19:05:05,51974.0100,1
LKH9,19:05:05,52499.0000,1
LKH9,19:05:05,53550.0000,12
LKH9,19:05:05,55062.0000,1
LKH9,19:05:05,52964.4000,1
LKH9,19:05:07,52440.0000,1
LKH9,19:05:07,55062.0000,3
LKH9,19:05:07,49819.9000,1
LKH9,19:05:07,54013.2000,2
LKH9,19:05:07,52964.4000,2
LKH9,19:05:07,54013.2000,1
LKH9,19:05:07,52440.0000,3
LKH9,19:05:07,51391.2000,3
LKH9,19:05:24,52483.0000,1
LKH9,19:05:24,54073.9700,7
LKH9,19:05:24,53550.0000,8
LKH9,19:05:24,53023.9900,5
LKH9,19:05:24,49818.9500,1
LKH9,19:05:24,51915.6000,2
LKH9,19:05:27,55064.1000,1
LKH9,19:05:37,51973.0200,1
LKH9,19:05:37,51973.0200,1
LKH9,19:05:37,54600.0000,4
LKH9,19:05:37,53550.0000,1
LKH9,19:05:42,50400.0000,2
LKH9,19:05:42,53568.3600,1
LKH9,19:05:42,51468.6200,1
LKH9,19:05:46,52500.0000,1
LKH9,19:05:46,49875.0000,2
LKH9,19:05:48,51462.7400,2
LKH9,19:05:48,52513.0000,2
LKH9,19:05:48,52508.0000,3
LKH9,19:05:51,50400.0000,6
LKH9,19:05:51,53023.9900,3
LKH9,19:05:51,52499.0000,1
LKH9,19:05:51,55123.9500,3
LKH9,19:05:54,51978.9600,2
LKH9,19:05:54,52500.0000,1
LKH9,19:05:54,53550.0000,1
LKH9,19:05:55,50925.0000,1
LKH9,19:05:57,50937.6100,2
LKH9,19:05:59,52513.0000,2
LKH9,19:06:01,55138.6500,11
LKH9,19:06:02,51439.2200,2
LKH9,19:06:02,53004.8000,2
LKH9,19:06:03,49847.4500,2
LKH9,19:06:03,51939.3600,3
LKH9,19:06:04,51955.2000,1
LKH9,19:06:04,50889.1100,11
LKH9,19:06:04,54054.4000,1
LKH9,19:06:05,53527.5600,2
LKH9,19:06:05,50376.0000,1
LKH9,19:06:10,53554.0800,1
LKH9,19:06:10,51453.9200,1
LKH9,19:06:10,51455.8800,1
LKH9,19:06:10,53031.0600,2
LKH9,19:06:10,54086.3300,1
LKH9,19:06:10,55139.7000,1
LKH9,19:06:10,53564.2800,1
LKH9,19:06:10,53564.2800,1
LKH9,19:06:10,50936.6400,1
LKH9,19:06:10,50936.6400,1
LKH9,19:06:10,49886.4000,1
LKH9,19:06:10,49888.3000,1
LKH9,19:06:10,49877.8500,2
LKH9,19:06:10,54613.5200,2
LKH9,19:06:10,53043.1800,1
LKH9,19:06:10,53567.3400,1
LKH9,19:06:10,54618.7200,1
LKH9,19:06:10,53043.1800,4
LKH9,19:06:11,54080.1500,2
LKH9,19:06:11,50929.8500,2
LKH9,19:06:13,51467.6400,7
LKH9,19:06:13,51993.8100,1
LKH9,19:06:15,53571.4200,1
LKH9,19:06:17,52528.0000,1
LKH9,19:06:17,52002.7200,1
LKH9,19:06:17,54630.1600,2
LKH9,19:06:17,50954.1000,4
LKH9,19:06:17,55158.6000,9
LKH9,19:06:27,51985.8900,1
LKH9,19:06:35,55136.5500,2
LKH9,19:06:43,53562.2400,1
LKH9,19:06:44,54612.4800,1
LKH9,19:06:45,54612.4800,1
LKH9,19:06:47,54638.4800,1
LKH9,19:06:47,52537.0000,1
LKH9,19:06:47,52011.6300,1
LKH9,19:06:47,52537.0000,2
LKH9,19:06:47,54113.1100,1
LKH9,19:06:47,50424.9600,1
LKH9,19:06:51,55152.3000,2
LKH9,19:06:52,51466.6600,2
LKH9,19:07:08,51999.7500,1
LKH9,19:07:21,49911.1000,1
LKH9,19:07:26,53574.4800,1
LKH9,19:07:32,51500.9600,1
LKH9,19:07:32,51500.9600,2
LKH9,19:07:32,51500.9600,2
LKH9,19:07:32,49924.4000,10
LKH9,19:07:32,54654.0800,2
LKH9,19:07:34,53080.5500,1
LKH9,19:07:49,53607.1200,1
LKH9,19:07:49,50453.7600,3
LKH9,19:07:49,52031.4300,1
LKH9,19:07:49,51505.8600,1
LKH9,19:07:49,53083.5800,2
LKH9,19:07:49,52558.0000,5
LKH9,19:07:49,53609.1600,1
LKH9,19:07:50,50991.9300,1
LKH9,19:07:50,49940.5500,4
LKH9,19:07:50,52044.3000,3
LKH9,19:07:50,51519.5800,3
LKH9,19:07:50,52572.0000,1
LKH9,19:07:50,53099.7400,2
LKH9,19:07:50,55222.6500,1
LKH9,19:07:50,49962.4000,1
LKH9,19:07:51,52563.0000,1
LKH9,19:08:01,50469.1200,2
LKH9,19:08:13,53645.8800,1
LKH9,19:08:13,52596.0000,1
LKH9,19:08:13,54698.8000,1
LKH9,19:08:13,53120.9500,1
LKH9,19:08:13,51017.1500,4
LKH9,19:08:13,55224.7500,1
LKH9,19:08:13,50491.2000,1
LKH9,19:08:13,53121.9600,1
LKH9,19:08:13,53126.0000,1
LKH9,19:08:13,49970.0000,3
LKH9,19:08:13,54176.9700,1
LKH9,19:08:13,52599.0000,1
LKH9,19:08:13,52073.0100,1
LKH9,19:08:13,55230.0000,1
LKH9,19:08:13,52600.0000,2
LKH9,19:08:13,52074.0000,4
LKH9,19:08:13,49970.0000,2
LKH9,19:08:13,54706.0800,1
LKH9,19:08:13,52605.0000,6
LKH9,19:08:13,51568.5800,1
LKH9,19:08:13,50526.7200,1
LKH9,19:08:13,54210.9600,1
LKH9,19:08:13,50000.4000,1
LKH9,19:08:13,51064.6800,1
LKH9,19:08:13,53174.4800,2
LKH9,19:08:13,53674.4400,2
LKH9,19:08:13,53136.1000,2
LKH9,19:08:13,49989.0000,2
LKH9,19:08:13,53136.1000,1
LKH9,19:08:14,49971.9000,9
LKH9,19:08:14,53108.8300,3
LKH9,19:08:14,55212.1500,1
LKH9,19:08:14,54160.4900,1
LKH9,19:08:14,52583.0000,1
LKH9,19:08:14,51005.5100,1
LKH9,19:08:14,54684.2400,3
LKH9,19:08:14,50469.1200,3
LKH9,19:08:14,54669.6800,3
LKH9,19:08:14,53085.6000,2
LKH9,19:08:14,52074.9900,2
LKH9,19:08:14,52074.9900,1
LKH9,19:08:14,53653.0200,2
LKH9,19:08:14,54179.0300,1
LKH9,19:08:22,49942.4500,6
LKH9,19:08:22,53622.4200,3
LKH9,19:08:22,51519.5800,9
LKH9,19:08:35,50490.2400,3
LKH9,19:08:35,55223.7000,1
LKH9,19:08:38,50490.2400,1
LKH9,19:08:39,54171.8200,1
LKH9,19:08:40,49964.3000,11
LKH9,19:08:40,55199.5500,1
LKH9,19:08:43,50983.2000,6
LKH9,19:08:43,53611.2000,1
LKH9,19:08:43,55186.9500,3
LKH9,19:08:43,49922.5000,3
LKH9,19:08:43,50964.7700,3
LKH9,19:08:43,55152.3000,2
LKH9,19:08:43,52526.0000,3
LKH9,19:08:43,54626.0000,2
LKH9,19:08:43,55151.2500,1
LKH9,19:08:43,55160.7000,2
LKH9,19:08:43,50950.2200,2
LKH9,19:08:43,55151.2500,1
LKH9,19:08:43,54634.3200,9
LKH9,19:08:45,51468.6200,2
LKH9,19:08:45,53569.3800,11
LKH9,19:08:45,51993.8100,2
LKH9,19:08:45,55209.0000,2
LKH9,19:09:03,52575.0000,1
LKH9,19:09:04,54153.2800,1
LKH9,19:09:43,50973.5000,1
LKH9,19:09:43,49921.5500,8
LKH9,19:09:50,54084.2700,1
LKH9,19:09:57,51454.9000,9
LKH9,19:10:34,53075.5000,2
LKH9,19:10:34,54635.3600,1
LKH9,19:10:34,49906.3500,3
LKH9,19:10:35,54107.9600,6
LKH9,19:11:10,54626.0000,2
LKH9,19:11:10,55150.2000,2
LKH9,19:11:10,49897.8000,1
LKH9,19:11:10,50423.0400,4
LKH9,19:11:10,53574.4800,1
LKH9,19:11:10,49897.8000,1
LKH9,19:11:11,49880.7000,1
LKH9,19:11:12,54595.8400,4
LKH9,19:11:24,51435.3000,5
LKH9,19:12:12,50384.6400,1
LKH9,19:12:33,51960.1500,3
LKH9,19:13:26,49836.0500,5
LKH9,19:13:26,54557.3600,4
LKH9,19:13:26,54032.7700,4
LKH9,19:13:26,53508.1800,2
LKH9,19:14:42,51410.8000,1
LKH9,19:14:42,53508.1800,3
LKH9,19:14:42,51934.4100,2
LKH9,19:14:57,51408.8400,1
LKH9,19:14:57,54556.3200,1
LKH9,19:18:48,51401.9800,3
LKH9,19:18:48,52451.0000,3
LKH9,19:18:48,54024.5300,2
LKH9,19:18:48,55073.5500,3
LKH9,19:18:48,51926.4900,1
LKH9,19:18:48,51428.4400,3
LKH9,19:18:48,51437.2600,1
LKH9,19:18:48,50390.4000,2
LKH9,19:18:49,49831.3000,1
LKH9,19:18:49,49831.3000,2
LKH9,19:19:56,53497.9800,2
LKH9,19:19:56,50874.5600,3
LKH9,19:19:56,54537.6000,1
LKH9,19:19:56,50341.4400,1
LKH9,19:19:56,53496.9600,2
LKH9,19:19:56,52448.0000,3
LKH9,19:19:56,53003.7900,3
LKH9,19:19:57,53488.8000,2
LKH9,19:24:40,49819.9000,1
LKH9,19:24:40,51393.1600,1
LKH9,19:24:40,49819.9000,1
LKH9,19:24:51,49819.9000,1
LKH9,19:25:44,49834.1500,1
LKH9,19:27:07,50371.2000,1
LKH9,19:27:23,51426.4800,1
LKH9,19:27:26,53518.3800,1
LKH9,19:27:33,54062.6400,2
LKH9,19:28:57,54600.0000,5
LKH9,19:28:57,49875.0000,1
LKH9,19:30:03,55117.6500,1
LKH9,19:32:02,52498.0000,3
LKH9,19:32:02,51975.0000,1
LKH9,19:32:02,51984.9000,1
LKH9,19:32:02,52510.0000,3
LKH9,19:32:02,55135.5000,1
LKH9,19:34:35,49890.2000,1
LKH9,19:34:35,49891.1500,1
LKH9,19:34:35,54095.6000,1
LKH9,19:34:35,53570.4000,2
LKH9,19:35:01,52520.0000,1
LKH9,19:35:01,54104.8700,3
LKH9,19:35:01,54631.2000,1
LKH9,19:35:01,50963.8000,1
LKH9,19:35:01,53066.4100,1
LKH9,19:35:01,54119.2900,3
LKH9,19:35:01,54124.4400,1
LKH9,19:35:01,53075.5000,4
LKH9,19:37:41,50963.8000,1
LKH9,19:40:09,52548.0000,1
LKH9,19:40:09,53598.9600,1
LKH9,19:40:09,54125.4700,1
LKH9,19:40:09,55177.5000,1
LKH9,19:46:13,54641.6000,1
LKH9,19:49:34,54642.6400,1
LKH9,19:49:34,50963.8000,1
LKH9,19:49:45,52541.0000,4
LKH9,19:49:45,52023.5100,1
LKH9,19:49:45,50973.5000,1
LKH9,19:49:45,50448.0000,2
LKH9,19:49:45,52550.0000,3
LKH9,19:49:45,50447.0400,5
LKH9,19:49:46,53074.4900,1
LKH9,19:49:46,50447.0400,3
LKH9,19:49:46,54126.5000,1
LKH9,19:49:46,54126.5000,4
LKH9,19:49:46,50448.0000,4
LKH9,19:49:46,50973.5000,4
LKH9,19:49:46,49922.5000,4
LKH9,19:49:46,52550.0000,1
LKH9,19:49:51,51499.0000,2
LKH9,19:49:51,53601.0000,1
LKH9,19:49:51,55177.5000,1
LKH9,19:49:54,49922.5000,3
LKH9,19:49:54,54126.5000,4
LKH9,19:49:54,55177.5000,6
LKH9,19:49:54,52550.0000,4
LKH9,19:50:23,53124.9900,1
LKH9,19:50:24,55228.9500,1
LKH9,19:50:29,52598.0000,1
LKH9,19:50:31,49970.0000,1
LKH9,19:50:31,52600.0000,3
LKH9,19:50:31,52074.0000,4
LKH9,19:50:31,52074.0000,1
LKH9,19:50:33,54183.1500,1
LKH9,19:50:39,55240.5000,1
LKH9,19:50:41,54188.3000,4
LKH9,19:50:41,52083.9000,3
LKH9,19:50:42,53136.1000,1
LKH9,19:51:14,52062.1200,1
LKH9,19:53:19,49941.5000,1
LKH9,19:56:43,53616.3000,1
LKH9,19:56:54,55189.0500,1
LKH9,19:57:59,52563.0000,1
LKH9,19:58:55,52561.0000,2
LKH9,19:59:09,52561.0000,1
LKH9,19:59:19,52035.3900,1
LKH9,20:01:01,54663.4400,1
LKH9,20:01:13,55199.5500,1
LKH9,20:02:19,50975.4400,1
LKH9,20:03:13,49924.4000,2
LKH9,20:03:13,51499.9800,1
LKH9,20:03:41,53076.5100,2
LKH9,20:03:41,54653.0400,1
LKH9,20:04:09,50974.4700,1
LKH9,20:04:09,50974.4700,1
LKH9,20:05:45,50974.4700,1
LKH9,20:11:03,50442.2400,1
LKH9,20:11:07,50944.4000,4
LKH9,20:13:34,49908.2500,1
LKH9,20:15:55,54652.0000,1
LKH9,20:15:55,52550.0000,1
LKH9,20:15:55,53602.0200,1
LKH9,20:15:55,52028.4600,2
LKH9,20:16:03,51501.9400,1
LKH9,20:21:20,50473.9200,1
LKH9,20:21:20,53102.7700,2
LKH9,20:21:20,51000.6600,2
LKH9,20:21:20,52053.2100,1
LKH9,20:21:20,50475.8400,2
LKH9,20:21:20,52579.0000,6
LKH9,20:23:22,55198.5000,1
LKH9,20:23:30,50466.2400,1
LKH9,20:23:30,55197.4500,1
LKH9,20:25:16,50467.2000,1
LKH9,20:25:48,50467.2000,1
LKH9,20:26:14,54150.1900,1
LKH9,20:26:14,49946.2500,1
LKH9,20:26:14,52588.0000,1
LKH9,20:26:14,49957.6500,1
LKH9,20:29:32,53107.8200,1
LKH9,20:29:32,52584.0000,3
LKH9,20:29:32,51014.2400,1
LKH9,20:30:10,50488.3200,1
LKH9,20:30:10,51014.2400,1
LKH9,20:30:20,52064.1000,2
LKH9,20:30:20,53115.9000,2
LKH9,20:31:46,55219.5000,1
LKH9,20:32:32,54167.7000,1
LKH9,20:34:00,49932.0000,1
LKH9,20:34:58,51008.4200,1
LKH9,20:34:58,54689.4400,1
LKH9,20:34:58,52587.0000,4
LKH9,20:34:58,54691.5200,4
LKH9,20:34:58,53113.8800,1
LKH9,20:34:58,53639.7600,2
LKH9,20:35:33,51538.2000,1
LKH9,20:35:33,51013.2700,1
LKH9,20:35:33,53116.9100,3
LKH9,20:35:33,51014.2400,9
LKH9,20:35:33,54170.7900,2
LKH9,20:35:34,55222.6500,1
LKH9,20:35:34,54170.7900,1
LKH9,20:35:34,52594.0000,1
LKH9,20:35:34,51016.1800,2
LKH9,20:35:34,53649.9600,2
LKH9,20:35:34,55222.6500,1
LKH9,20:35:34,52072.0200,1
LKH9,20:35:34,53649.9600,3
LKH9,20:35:34,54701.9200,1
LKH9,20:35:34,49968.1000,5
LKH9,20:35:34,49968.1000,1
LKH9,20:35:34,53604.0600,4
LKH9,20:36:21,53126.0000,1
LKH9,20:36:21,52074.0000,1
LKH9,20:36:21,54704.0000,1
LKH9,20:36:21,49971.9000,3
LKH9,20:36:21,50497.9200,4
LKH9,20:36:21,51023.9400,2
LKH9,20:36:21,53128.0200,2
LKH9,20:36:21,53604.0600,2
LKH9,20:36:21,53077.5200,1
LKH9,20:36:22,53653.0200,3
LKH9,20:36:22,53654.0400,1
LKH9,20:36:22,50497.9200,1
LKH9,20:36:22,54179.0300,3
LKH9,20:36:22,54705.0400,3
LKH9,20:36:22,53650.9800,2
LKH9,20:36:22,51547.0200,5
LKH9,20:36:22,52598.0000,2
LKH9,20:36:22,52598.0000,2
LKH9,20:37:10,55161.7500,1
LKH9,20:41:53,50455.6800,1
LKH9,20:42:00,51509.7800,1
LKH9,20:43:10,54135.7700,1
LKH9,20:46:04,54661.3600,1
LKH9,20:46:04,53084.5900,1
LKH9,20:46:04,52559.0000,3
LKH9,20:52:03,49947.2000,1
LKH9,20:52:04,54153.2800,1
LKH9,20:52:04,54154.3100,2
LKH9,20:52:04,51000.6600,1
LKH9,20:52:04,54155.3400,1
LKH9,20:52:04,51526.4400,1
LKH9,20:52:04,54682.1600,4
LKH9,20:52:04,55207.9500,5
LKH9,20:52:05,52053.2100,1
LKH9,20:52:05,53109.8400,9
LKH9,20:52:05,54161.5200,5
LKH9,21:00:01,51528.4000,1
LKH9,21:00:01,53635.6800,1
LKH9,21:00:01,53635.6800,2
LKH9,21:00:01,53119.9400,1
LKH9,21:00:02,55222.6500,1
LKH9,21:00:08,51502.9200,1
LKH9,21:01:54,51542.1200,1
LKH9,21:01:54,55223.7000,1
LKH9,21:01:54,49965.2500,1
LKH9,21:01:54,49965.2500,2
LKH9,21:02:13,51017.1500,2
LKH9,21:02:59,53646.9000,1
LKH9,21:05:03,55190.1000,1
LKH9,21:05:13,53087.6200,2
LKH9,21:05:16,50985.1400,2
LKH9,21:09:28,51014.2400,1
LKH9,21:09:34,54179.0300,1
LKH9,21:09:34,51548.9800,4
LKH9,21:12:11,54160.4900,3
LKH9,21:12:11,52058.1600,1
LKH9,21:12:11,51007.4500,1
LKH9,21:12:11,51547.0200,2
LKH9,21:12:11,52600.0000,9
LKH9,21:12:11,53650.9800,1
LKH9,21:12:11,52600.0000,1
LKH9,21:12:11,55231.0500,1
LKH9,21:12:11,50495.0400,1
LKH9,21:12:11,53653.0200,1
LKH9,21:12:11,50495.0400,1
LKH9,21:12:11,53127.0100,1
LKH9,21:12:11,52073.0100,1
LKH9,21:12:11,52077.9600,2
LKH9,21:12:11,51025.8800,2
LKH9,21:12:11,51557.8000,6
LKH9,21:12:11,55193.2500,2
LKH9,21:12:11,51556.8200,2
LKH9,21:12:11,52083.9000,3
LKH9,21:12:11,55240.5000,2
LKH9,21:12:11,52610.0000,1
LKH9,21:12:11,54678.0000,1
LKH9,21:12:11,49981.4000,1
LKH9,21:14:08,50479.6800,1
LKH9,21:18:30,52583.0000,1
LKH9,21:18:33,52583.0000,1
LKH9,21:23:43,53635.6800,1
LKH9,21:23:58,53635.6800,1
LKH9,21:23:58,50480.6400,1
LKH9,21:23:58,51532.3200,1
LKH9,21:27:28,49955.7500,3
LKH9,21:27:28,53636.7000,2
LKH9,21:27:41,54692.5600,2
LKH9,21:28:51,49969.0500,1
LKH9,21:29:00,52057.1700,1
LKH9,21:32:04,51012.3000,5
LKH9,21:33:21,49969.0500,1
LKH9,21:33:21,51547.0200,1
LKH9,21:33:21,53652.0000,3
LKH9,21:33:21,55230.0000,2
LKH9,21:36:07,54190.3600,1
LKH9,21:38:05,49983.3000,1
LKH9,21:38:14,54183.1500,1
LKH9,21:40:14,52093.8000,1
LKH9,21:40:14,49993.7500,1
LKH9,21:40:14,51572.5000,1
LKH9,21:41:31,54203.7500,1
LKH9,21:41:31,53151.2500,1
LKH9,21:41:31,50523.8400,1
LKH9,21:41:51,53681.5800,1
LKH9,21:41:51,52102.7100,1
LKH9,21:41:51,55261.5000,1
LKH9,21:41:51,53159.3300,1
LKH9,21:41:51,50527.6800,3
LKH9,21:41:51,50006.1000,1
LKH9,21:41:51,52113.6000,22
LKH9,21:41:51,54227.4400,1
LKH9,21:41:51,55282.5000,10
LKH9,21:41:51,51069.5300,1
LKH9,21:41:52,52649.0000,2
LKH9,21:41:52,52123.5000,1
LKH9,21:41:52,54756.0000,2
LKH9,21:41:59,51070.5000,10
LKH9,21:41:59,54756.0000,10
LKH9,21:42:00,51597.0000,10
LKH9,21:42:03,50017.5000,2
LKH9,21:42:03,55282.5000,2
LKH9,21:42:03,52650.0000,2
LKH9,21:42:04,50544.0000,1
LKH9,21:42:04,53176.5000,1
LKH9,21:42:06,54759.1200,1
LKH9,21:42:06,54232.5900,1
LKH9,21:42:06,53705.0400,1
LKH9,21:42:16,52097.7600,1
LKH9,21:43:27,53676.4800,1
LKH9,21:43:32,51571.5200,1
LKH9,21:43:34,52625.0000,1
LKH9,21:43:46,52624.0000,1
LKH9,21:45:46,52082.9100,2
LKH9,21:50:37,53156.3000,1
LKH9,21:50:56,54189.3300,1
LKH9,21:50:56,52611.0000,1
LKH9,21:51:22,50008.0000,1
LKH9,21:51:22,53137.1100,1
LKH9,21:52:34,51592.1000,1
LKH9,21:52:34,52649.0000,3
LKH9,21:52:34,51597.0000,1
LKH9,21:52:36,50025.1000,1
LKH9,21:52:36,55291.9500,4
LKH9,21:52:36,50550.7200,1
LKH9,21:52:36,53183.5700,2
LKH9,21:53:24,54765.3600,2
LKH9,21:55:09,51074.3800,1
LKH9,21:55:09,53180.5400,1
LKH9,21:55:09,50025.1000,1
LKH9,21:55:09,55290.9000,3
LKH9,21:55:17,50008.0000,3
LKH9,21:58:17,52111.6200,1
LKH9,21:58:25,53696.8800,1
LKH9,22:04:10,52634.0000,1
LKH9,22:06:28,52123.5000,1
LKH9,22:06:28,50017.5000,5
LKH9,22:06:57,54758.0800,1
LKH9,22:07:04,50026.0500,4
LKH9,22:07:04,51079.2300,1
LKH9,22:07:09,52658.0000,2
LKH9,22:07:20,51605.8200,1
LKH9,22:07:22,53190.6400,1
LKH9,22:10:39,51597.9800,1
LKH9,22:10:39,52651.0000,1
LKH9,22:11:04,51072.4400,1
LKH9,22:14:14,53713.2000,3
LKH9,22:14:14,51607.7800,2
LKH9,22:16:43,51596.0200,2
LKH9,22:16:43,54754.9600,1
LKH9,22:18:24,53158.3200,1
LKH9,22:18:24,50000.4000,4
LKH9,22:21:59,50026.0500,1
LKH9,22:27:10,53683.6200,1
LKH9,22:27:22,51578.3800,2
LKH9,22:27:22,55262.5500,1
LKH9,22:27:22,49999.4500,1
LKH9,22:27:22,54736.2400,2
LKH9,22:28:01,53164.3800,1
LKH9,22:28:30,54220.2300,1
LKH9,22:30:01,55287.7500,2
LKH9,22:30:43,53707.0800,1
LKH9,22:31:46,51073.4100,1
LKH9,22:32:21,50001.3500,2
LKH9,22:32:21,53185.5900,1
LKH9,22:34:45,52666.0000,1
LKH9,22:34:45,52666.0000,1
LKH9,22:35:00,54773.6800,1
LKH9,22:35:00,55301.4000,2
LKH9,22:35:00,50561.2800,1
LKH9,22:36:25,50035.5500,1
LKH9,22:37:19,51615.6200,2
LKH9,22:37:19,55302.4500,1
LKH9,22:37:33,53722.3800,1
LKH9,22:37:33,55302.4500,4
LKH9,22:37:33,50562.2400,1
LKH9,22:37:33,53196.7000,2
LKH9,22:38:03,55282.5000,2
LKH9,22:38:44,50036.5000,3
LKH9,22:43:59,52145.2800,1
LKH9,22:44:30,50038.4000,1
LKH9,22:44:30,51091.8400,1
LKH9,22:44:35,55305.6000,1
LKH9,22:44:35,51091.8400,1
LKH9,22:44:35,54255.2500,1
LKH9,22:44:36,53201.7500,1
LKH9,22:44:47,53728.5000,1
LKH9,22:44:47,52675.0000,1
LKH9,22:44:47,52149.2400,1
LKH9,22:53:08,52654.0000,1
LKH9,22:53:08,51599.9400,1
LKH9,22:53:08,54758.0800,1
LKH9,22:53:08,55282.5000,1
LKH9,22:53:08,50017.5000,1
LKH9,22:53:08,52123.5000,1
LKH9,22:53:08,53176.5000,1
LKH9,22:53:08,55282.5000,1
LKH9,22:53:08,51070.5000,1
LKH9,22:54:09,54756.0000,9
LKH9,22:54:59,52123.5000,2
LKH9,22:56:20,55280.4000,1
LKH9,22:56:23,53703.0000,20
LKH9,23:00:21,50027.9500,1
LKH9,23:00:21,50563.2000,1
LKH9,23:07:02,53180.5400,1
LKH9,23:07:21,52669.0000,1
LKH9,23:09:02,51606.8000,1
LKH9,23:09:02,50027.0000,1
LKH9,23:14:03,53723.4000,1
LKH9,23:14:03,53723.4000,1
LKH9,23:16:16,53723.4000,1
LKH9,23:17:19,51617.5800,1
LKH9,23:17:19,50036.5000,2
LKH9,23:19:07,50548.8000,1
LKH9,23:19:14,53708.1000,1
LKH9,23:19:14,53181.5500,1
LKH9,23:19:53,51609.7400,1
LKH9,23:20:54,53704.0200,1
LKH9,23:25:25,51596.0200,1
LKH9,23:27:59,53699.9400,1
LKH9,23:28:47,53164.3800,1
LKH9,23:30:11,53163.3700,1
LKH9,23:32:37,51585.2400,1
LKH9,23:33:05,52131.4200,1
LKH9,23:33:41,51061.7700,1
LKH9,23:41:00,52641.0000,1
LKH9,23:41:05,51061.7700,1
LKH9,23:42:21,51587.2000,2
LKH9,23:42:21,53166.4000,1
LKH9,23:42:21,50008.0000,1
LKH9,23:42:21,50000.4000,2
LKH9,23:42:21,54208.9000,4
LKH9,23:42:21,53682.6000,10
LKH9,23:42:21,52103.7000,10
LKH9,23:42:21,51051.1000,6
LKH9,23:42:21,54198.6000,1
LKH9,23:42:21,51563.6800,1
LKH9,23:42:21,52089.8400,1
LKH9,23:42:21,52089.8400,1
LKH9,23:42:22,51038.4900,1
LKH9,23:42:22,54190.3600,1
LKH9,23:42:22,52084.8900,1
LKH9,23:42:22,54189.3300,1
LKH9,23:42:22,53662.2000,2
LKH9,23:42:27,49981.4000,9
LKH9,23:42:27,52085.8800,1
LKH9,23:42:29,55245.7500,1
LKH9,23:42:30,55243.6500,1
LKH9,23:42:30,49981.4000,1
LKH9,23:42:30,49981.4000,1
LKH9,23:42:30,51559.7600,1
LKH9,23:42:31,55230.0000,1
LKH9,23:42:32,53647.9200,1
LKH9,23:42:32,54169.7600,3
LKH9,23:42:32,55220.5500,1
LKH9,23:42:32,53112.8700,1
LKH9,23:42:32,49951.0000,3
LKH9,23:42:32,53632.6200,1
LKH9,23:42:32,55204.8000,1
LKH9,23:42:33,53101.7600,1
LKH9,23:42:33,54702.9600,1
LKH9,23:42:33,51524.4800,1
LKH9,23:42:34,49949.1000,1
LKH9,23:42:39,54683.2000,1
LKH9,23:42:40,49949.1000,1
LKH9,23:42:40,50477.7600,1
LKH9,23:42:40,53098.7300,1
LKH9,23:42:42,52044.3000,1
LKH9,23:42:42,52044.3000,1
LKH9,23:42:42,53630.5800,1
LKH9,23:42:43,55197.4500,1
LKH9,23:42:44,52050.2400,1
LKH9,23:42:44,50475.8400,1
LKH9,23:42:50,53617.3200,1
LKH9,23:42:50,53616.3000,1
LKH9,23:42:50,49929.1500,1
LKH9,23:42:50,54659.2800,1
LKH9,23:42:51,49941.5000,1
LKH9,23:42:51,50992.9000,1
LKH9,23:42:52,50460.4800,1
LKH9,23:42:52,54669.6800,1
LKH9,23:42:56,50986.1100,1
LKH9,23:42:57,54667.6000,1
LKH9,23:42:57,50988.0500,1
LKH9,23:42:57,51513.7000,1
LKH9,23:42:58,55193.2500,1
LKH9,23:42:58,50988.0500,71
LKH9,23:43:00,54667.6000,7
LKH9,23:43:00,54141.9500,1
LKH9,23:43:00,49936.7500,7
LKH9,23:43:00,52039.3500,1
LKH9,23:43:01,53090.6500,1
LKH9,23:43:02,55189.0500,1
LKH9,23:43:03,51513.7000,5
LKH9,23:43:04,53612.2200,4
LKH9,23:43:12,55182.7500,1
LKH9,23:43:12,49923.4500,5
LKH9,23:43:12,50440.3200,3
LKH9,23:43:12,51491.1600,3
LKH9,23:43:12,53063.3800,1
LKH9,23:43:12,50961.8600,1
LKH9,23:43:12,50960.8900,1
LKH9,23:43:12,54111.0500,3
LKH9,23:43:12,54110.0200,1
LKH9,23:43:12,55157.5500,1
LKH9,23:43:12,53581.6200,1
LKH9,23:43:12,50955.0700,1
LKH9,23:43:12,52530.0000,1
LKH9,23:43:12,53049.2400,1
LKH9,23:43:12,54097.6600,2
LKH9,23:43:12,54620.8000,2
LKH9,23:43:12,50416.3200,2
LKH9,23:43:12,55140.7500,2
LKH9,23:43:12,54613.5200,1
LKH9,23:43:12,52565.0000,2
LKH9,23:43:12,52039.3500,1
LKH9,23:43:12,52039.3500,1
LKH9,23:43:12,50988.0500,8
LKH9,23:43:13,55173.3000,2
LKH9,23:43:13,50969.6200,2
LKH9,23:43:17,52019.5500,1
LKH9,23:43:21,52565.0000,1
LKH9,23:43:26,50448.9600,1
LKH9,23:43:27,49920.6000,1
LKH9,23:43:28,51492.1400,1
LKH9,23:43:28,52028.4600,1
LKH9,23:43:31,52536.0000,1
LKH9,23:43:33,50425.9200,1
LKH9,23:43:38,55146.0000,1
LKH9,23:43:38,50417.2800,1
LKH9,23:43:40,50942.4600,1
LKH9,23:43:48,49893.0500,1
LKH9,23:43:48,53569.3800,1
LKH9,23:43:48,50418.2400,1
LKH9,23:43:48,50943.4300,1
LKH9,23:43:49,54617.6800,1
LKH9,23:43:51,50943.4300,2
LKH9,23:43:51,51993.8100,2
LKH9,23:43:51,53569.3800,1
LKH9,23:43:55,54092.5100,3
LKH9,23:43:58,54617.6800,1
LKH9,23:44:05,51459.8000,1
LKH9,23:44:05,53560.2000,1
LKH9,23:44:07,54077.0600,1
LKH9,23:44:07,51451.9600,1
LKH9,23:44:07,51450.9800,1
LKH9,23:44:07,54081.1800,1
LKH9,23:44:07,50405.7600,1
LKH9,23:44:07,51454.9000,1
LKH9,23:44:07,53554.0800,1
LKH9,23:44:08,53548.9800,1
LKH9,23:44:08,51449.0200,1
LKH9,23:44:08,54598.9600,1
LKH9,23:44:09,53547.9600,1
LKH9,23:44:09,50396.1600,1
LKH9,23:44:09,54612.4800,1
LKH9,23:44:09,53556.1200,1
LKH9,23:44:09,51980.9400,1
LKH9,23:44:09,55131.3000,1
LKH9,23:44:10,50930.8200,1
LKH9,23:44:10,54081.1800,1
LKH9,23:44:10,55131.3000,1
LKH9,23:44:10,54081.1800,1
LKH9,23:44:10,53031.0600,1
LKH9,23:44:11,51455.8800,1
LKH9,23:44:11,54606.2400,1
LKH9,23:44:11,51980.9400,1
LKH9,23:44:11,54081.1800,1
LKH9,23:44:11,55131.3000,1
LKH9,23:44:11,49880.7000,1
LKH9,23:44:12,52506.0000,1
LKH9,23:44:12,49873.1000,1
LKH9,23:44:13,50397.1200,1
LKH9,23:44:13,53022.9800,1
LKH9,23:44:14,50923.0600,1
LKH9,23:44:14,50923.0600,53
LKH9,23:44:15,53547.9600,2
LKH9,23:44:15,53022.9800,43
LKH9,23:44:15,53045.2000,2
LKH9,23:44:59,50471.0400,1
LKH9,23:44:59,52575.0000,1
LKH9,23:44:59,54678.0000,98
LKH9,23:45:02,50472.0000,1
LKH9,23:45:25,50995.8100,1
LKH9,23:45:30,54674.8800,1
LKH9,23:45:35,53098.7300,1
LKH9,23:48:22,49916.8000,1
LKH9,23:49:02,52541.0000,2
LKH9,23:49:07,52541.0000,1
LKH9,23:49:14,53591.8200,1
LKH9,23:49:26,54656.1600,1
LKH9,23:49:46,52565.0000,3
LKH9,10:00:00,53609.1600,1
LKH9,10:00:00,53609.1600,2
LKH9,10:00:00,52567.0000,2
LKH9,10:00:01,52032.4200,3
LKH9,10:00:01,51506.8400,3
LKH9,10:00:01,54636.4000,2
LKH9,10:00:01,54097.6600,10
LKH9,10:00:01,54098.6900,10
LKH9,10:00:01,51473.5200,10
LKH9,10:00:01,53575.5000,10
LKH9,10:00:01,50429.7600,2
LKH9,10:00:01,53576.5200,4
LKH9,10:00:01,54628.0800,4
LKH9,10:00:01,50425.9200,4
LKH9,10:00:01,50425.9200,2
LKH9,10:00:02,52528.0000,1
LKH9,10:00:02,53578.5600,3
LKH9,10:00:02,50952.1600,4
LKH9,10:00:02,55155.4500,1
LKH9,10:00:02,53054.2900,3
LKH9,10:00:03,49903.5000,3
LKH9,10:00:03,53056.3100,3
LKH9,10:00:03,52006.6800,1
LKH9,10:00:03,54107.9600,1
LKH9,10:00:03,51481.3600,1
LKH9,10:00:03,52006.6800,1
LKH9,10:00:03,50430.7200,2
LKH9,10:00:03,54108.9900,3
LKH9,10:00:03,54108.9900,1
LKH9,10:00:03,54634.3200,2
LKH9,10:00:03,54108.9900,3
LKH9,10:00:04,52534.0000,2
LKH9,10:00:04,49907.3000,1
LKH9,10:00:04,52008.6600,2
LKH9,10:00:04,53570.4000,1
LKH9,10:00:04,55161.7500,1
LKH9,10:00:05,49908.2500,2
LKH9,10:00:05,49908.2500,3
LKH9,10:00:05,51526.4400,1
LKH9,10:00:06,52050.2400,1
LKH9,10:00:06,52040.3400,1
LKH9,10:00:06,54673.8400,2
LKH9,10:00:06,51519.5800,1
LKH9,10:00:07,50472.0000,2
LKH9,10:00:09,50998.7200,1
LKH9,10:00:11,54701.9200,2
LKH9,10:00:11,51516.6400,1
LKH9,10:00:12,52568.0000,1
LKH9,10:00:12,49947.2000,2
LKH9,10:00:12,53093.6800,2
LKH9,10:00:13,51516.6400,1
LKH9,10:00:14,55196.4000,1
LKH9,10:00:15,54670.7200,1
LKH9,10:00:15,53093.6800,1
LKH9,10:00:15,54680.0800,3
LKH9,10:00:15,49948.1500,1
LKH9,10:00:16,52568.0000,2
LKH9,10:00:16,51525.4600,1
LKH9,10:00:17,54155.3400,2
LKH9,10:00:18,50474.8800,2
LKH9,10:00:18,54155.3400,1
LKH9,10:00:19,51527.4200,2
LKH9,10:00:20,50475.8400,2
LKH9,10:00:20,54156.3700,1
LKH9,10:00:21,54701.9200,1
LKH9,10:00:21,53136.1000,1
LKH9,10:00:21,51557.8000,2
LKH9,10:00:22,53628.5400,12
LKH9,10:00:22,50471.0400,1
LKH9,10:00:22,53625.4800,1
LKH9,10:00:22,51522.5200,2
LKH9,10:00:23,53135.0900,2
LKH9,10:00:23,50504.6400,10
LKH9,10:00:24,55239.4500,1
LKH9,10:00:24,52082.9100,1
LKH9,10:00:25,54187.2700,1
LKH9,10:00:25,52084.8900,1
LKH9,10:00:25,51576.4200,10
LKH9,10:00:26,52103.7000,1
LKH9,10:00:26,53170.4400,1
LKH9,10:00:27,52648.0000,2
LKH9,10:00:28,53156.3000,1
LKH9,10:00:40,52610.0000,1
LKH9,10:00:42,52600.0000,3
LKH9,10:00:45,55219.5000,1
LKH9,10:00:45,51538.2000,1
LKH9,10:00:46,55239.4500,3
LKH9,10:00:56,53135.0900,3
LKH9,10:00:56,52082.9100,3
LKH9,10:00:58,54148.1300,2
LKH9,10:01:01,51518.6000,41
LKH9,10:01:01,52044.3000,59
LKH9,10:01:03,54688.4000,1
LKH9,10:01:03,52560.0000,1
LKH9,10:01:03,51508.8000,3
LKH9,10:01:03,50983.2000,1
LKH9,10:01:08,51521.5400,1
LKH9,10:01:08,54155.3400,4
LKH9,10:01:08,54155.3400,1
LKH9,10:01:08,53103.7800,1
LKH9,10:01:09,53103.7800,7
LKH9,10:01:13,52052.2200,1
LKH9,10:01:13,54160.4900,2
LKH9,10:01:13,50479.6800,3
LKH9,10:01:16,50974.4700,4
LKH9,10:01:29,52583.0000,5
LKH9,10:01:44,49970.0000,1
LKH9,10:01:54,54187.2700,1
LKH9,10:02:06,51538.2000,1
LKH9,10:02:09,53640.7800,1
LKH9,10:02:09,51010.3600,1
LKH9,10:02:12,51021.0300,1
LKH9,10:02:13,53641.8000,1
LKH9,10:02:13,51537.2200,1
LKH9,10:02:15,55218.4500,1
LKH9,10:02:23,53114.8900,1
LKH9,10:02:23,52062.1200,1
LKH9,10:02:23,53113.8800,23
LKH9,10:02:25,51011.3300,1
LKH9,10:02:26,52589.0000,1
LKH9,10:02:32,50468.1600,1
LKH9,10:02:32,54672.8000,1
LKH9,10:02:32,50463.3600,1
LKH9,10:02:42,54151.2200,1
LKH9,10:02:42,50470.0800,2
LKH9,10:02:45,55196.4000,1
LKH9,10:02:46,55191.1500,2
LKH9,10:03:03,53093.6800,1
LKH9,10:03:03,52039.3500,1
LKH9,10:03:03,55192.2000,1
LKH9,10:03:03,49935.8000,5
LKH9,10:03:14,51502.9200,1
LKH9,10:03:15,54129.5900,1
LKH9,10:03:16,55188.0000,1
LKH9,10:03:23,52553.0000,1
LKH9,10:03:23,55179.6000,2
LKH9,10:03:49,52563.0000,1
LKH9,10:03:49,52563.0000,100
LKH9,10:04:00,50991.9300,1
LKH9,10:04:36,49954.8000,1
LKH9,10:04:36,51526.4400,1
LKH9,10:04:36,55206.9000,1
LKH9,10:04:36,52052.2200,1
LKH9,10:04:36,53103.7800,1
LKH9,10:04:36,51524.4800,1
LKH9,10:04:50,50450.8800,1
LKH9,10:04:50,50449.9200,1
LKH9,10:04:50,52024.5000,8
LKH9,10:04:56,52029.4500,1
LKH9,10:04:56,50452.8000,1
LKH9,10:04:56,50978.3500,1
LKH9,10:05:00,54128.5600,1
LKH9,10:05:00,51499.9800,1
LKH9,10:05:00,53602.0200,1
LKH9,10:05:00,50974.4700,1
LKH9,10:05:00,50448.9600,1
LKH9,10:05:00,54653.0400,6
LKH9,10:05:15,51499.0000,2
LKH9,10:05:41,52546.0000,1
LKH9,10:05:41,51494.1000,1
LKH9,10:05:41,50442.2400,1
LKH9,10:05:42,53599.9800,7
LKH9,10:05:45,54125.4700,1
LKH9,10:05:45,50447.0400,1
LKH9,10:05:45,55176.4500,1
LKH9,10:05:47,50447.0400,1
LKH9,10:05:50,52022.5200,5
LKH9,10:05:50,54649.9200,1
LKH9,10:05:56,50444.1600,1
LKH9,10:06:00,50442.2400,1
LKH9,10:06:00,54644.7200,1
LKH9,10:06:00,54120.3200,1
LKH9,10:06:01,52545.0000,1
LKH9,10:06:05,53068.4300,1
LKH9,10:06:10,54644.7200,1
LKH9,10:06:10,54644.7200,1
LKH9,10:06:12,50444.1600,1
LKH9,10:06:15,51491.1600,1
LKH9,10:06:15,54118.2600,1
LKH9,10:06:15,50963.8000,5
LKH9,10:06:34,53070.4500,1
LKH9,10:06:52,53587.7400,1
LKH9,10:06:52,49909.2000,1
LKH9,10:06:52,52019.5500,1
LKH9,10:06:55,55167.0000,10
LKH9,10:06:55,50435.5200,1
LKH9,10:06:58,52532.0000,1
LKH9,10:06:59,53062.3700,1
LKH9,10:07:01,53580.6000,1
LKH9,10:07:01,50954.1000,5
LKH9,10:07:01,50954.1000,1
LKH9,10:07:01,53055.3000,5
LKH9,10:07:01,54102.8100,1
LKH9,10:07:01,52527.0000,1
LKH9,10:07:01,53047.2200,2
LKH9,10:07:01,52527.0000,1
LKH9,10:07:01,54628.0800,3
LKH9,10:07:01,53578.5600,5
LKH9,10:07:01,52528.0000,1
LKH9,10:07:01,52531.0000,1
LKH9,10:07:06,54616.6400,1
LKH9,10:07:15,51991.8300,2
LKH9,10:07:35,51455.8800,2
LKH9,10:07:35,52506.0000,2
LKH9,10:08:00,55115.5500,1
LKH9,10:08:03,54580.2400,1
LKH9,10:08:06,49849.3500,5
LKH9,10:08:06,52471.0000,1
LKH9,10:08:06,50371.2000,5
LKH9,10:08:06,49841.7500,1
LKH9,10:08:07,54044.1000,1
LKH9,10:08:07,54564.6400,1
LKH9,10:08:07,49841.7500,1
LKH9,10:08:12,52464.0000,20
LKH9,10:08:13,50365.4400,1
LKH9,10:08:15,52988.6400,1
LKH9,10:08:16,51939.3600,2
LKH9,10:08:17,51939.3600,3
LKH9,10:08:17,54034.8300,1
LKH9,10:08:18,51933.4200,1
LKH9,10:08:19,49837.9500,1
LKH9,10:08:26,51936.3900,12
LKH9,10:08:26,49837.0000,1
LKH9,10:08:26,51934.4100,3
LKH9,10:08:26,54556.3200,4
LKH9,10:08:26,50359.6800,5
LKH9,10:08:26,50884.2600,5
LKH9,10:08:26,54031.7400,4
LKH9,10:08:26,54062.6400,1
LKH9,10:08:40,49866.4500,2
LKH9,10:08:40,51444.1200,1
LKH9,10:08:40,54075.0000,1
LKH9,10:08:40,54600.0000,1
LKH9,10:08:40,53028.0300,4
LKH9,10:08:40,51452.9400,1
LKH9,10:08:40,55128.1500,2
LKH9,10:08:40,52503.0000,5
LKH9,10:08:40,50405.7600,3
LKH9,10:08:51,53006.8200,1
LKH9,10:08:52,51432.3600,1
LKH9,10:08:56,52489.0000,3
LKH9,10:08:56,52488.0000,5
LKH9,10:08:56,52485.0000,5
LKH9,10:08:56,52482.0000,9
LKH9,10:08:57,50390.4000,1
LKH9,10:09:28,54579.2000,1
LKH9,10:09:28,50380.8000,1
LKH9,10:09:30,50380.8000,1
LKH9,10:09:30,50371.2000,1
LKH9,10:10:00,49840.8000,1
LKH9,10:10:01,52472.0000,1
LKH9,10:10:01,50897.8400,1
LKH9,10:10:06,53002.7800,1
LKH9,10:10:06,55101.9000,1
LKH9,10:10:20,49854.1000,1
LKH9,10:10:20,49854.1000,1
LKH9,10:10:20,54577.1200,2
LKH9,10:10:37,55086.1500,1
LKH9,10:10:43,55083.0000,1
LKH9,10:10:43,52983.5900,1
LKH9,10:10:43,50884.2600,1
LKH9,10:10:43,49834.1500,1
LKH9,10:10:43,52981.5700,2
LKH9,10:10:43,51932.4300,1
LKH9,10:10:43,54555.2800,1
LKH9,10:10:43,50883.2900,1
LKH9,10:10:43,52455.0000,1
LKH9,10:10:44,49832.2500,1
LKH9,10:10:44,50881.3500,1
LKH9,10:10:45,52976.5200,1
LKH9,10:10:45,51402.9600,2
LKH9,10:10:45,49829.4000,1
LKH9,10:10:55,50356.8000,1
LKH9,10:10:55,52978.5400,1
LKH9,10:10:56,50878.4400,1
LKH9,10:11:03,52982.5800,3
LKH9,10:11:06,51936.3900,1
LKH9,10:11:20,54042.0400,1
LKH9,10:11:26,49855.0500,1
LKH9,10:11:28,51950.2500,1
LKH9,10:11:30,52994.7000,1
LKH9,10:11:33,49849.3500,1
LKH9,10:12:12,50376.9600,2
LKH9,10:13:00,54576.0800,1
LKH9,10:13:00,51427.4600,1
LKH9,10:13:11,51421.5800,1
LKH9,10:13:51,55109.2500,1
LKH9,10:13:57,49859.8000,1
LKH9,10:15:00,49842.7000,2
LKH9,10:15:02,50892.0200,1
LKH9,10:15:04,49835.1000,1
LKH9,10:15:13,50374.0800,6
LKH9,10:15:16,50898.8100,1
LKH9,10:15:18,50367.3600,2
LKH9,10:15:29,49846.5000,2
LKH9,10:15:47,53519.4000,4
LKH9,10:15:47,52980.5600,2
LKH9,10:15:52,53506.1400,1
LKH9,10:16:00,54549.0400,1
LKH9,10:16:02,54023.5000,1
LKH9,10:16:19,52446.0000,1
LKH9,10:16:23,55076.7000,1
LKH9,10:16:23,55076.7000,2
LKH9,10:16:23,50880.3800,2
LKH9,10:16:23,50880.3800,1
LKH9,10:16:23,52978.5400,1
LKH9,10:16:24,54027.6200,1
LKH9,10:16:29,50880.3800,2
LKH9,10:16:29,53503.0800,2
LKH9,10:16:29,53503.0800,2
LKH9,10:16:29,51929.4600,2
LKH9,10:16:29,50355.8400,2
LKH9,10:16:29,54027.6200,2
LKH9,10:16:29,52978.5400,2
LKH9,10:16:45,50880.3800,1
LKH9,10:16:58,50355.8400,1
LKH9,10:17:00,53496.9600,1
LKH9,10:17:04,51401.0000,2
LKH9,10:17:04,52977.5300,1
LKH9,10:17:04,52977.5300,1
LKH9,10:17:05,50363.5200,1
LKH9,10:17:48,50888.1400,1
LKH9,10:18:00,55085.1000,1
LKH9,10:20:01,49837.0000,1
LKH9,10:20:01,49837.0000,1
LKH9,10:20:06,51941.3400,1
LKH9,10:20:06,51941.3400,1
LKH9,10:20:52,50887.1700,1
LKH9,10:21:00,54552.1600,1
LKH9,10:21:12,52985.6100,1
LKH9,10:21:27,50354.8800,3
LKH9,10:21:27,53502.0600,1
LKH9,10:21:27,52977.5300,2
LKH9,10:21:27,52975.5100,10
LKH9,10:21:27,55071.4500,1
LKH9,10:21:27,51400.0200,1
LKH9,10:22:04,49821.8000,2
LKH9,10:22:05,51412.7600,1
LKH9,10:22:05,54035.8600,1
LKH9,10:22:27,50363.5200,1
LKH9,10:23:16,52448.0000,1
LKH9,10:23:19,54558.4000,1
LKH9,10:23:28,54033.8000,1
LKH9,10:24:01,51895.8000,1
LKH9,10:24:01,53468.4000,2
LKH9,10:24:06,51904.7100,3
LKH9,10:24:08,55051.5000,1
LKH9,10:24:11,50848.3700,1
LKH9,10:24:14,55041.0000,1
LKH9,10:24:14,51895.8000,1
LKH9,10:24:22,54525.1200,1
LKH9,10:24:23,52421.0000,1
LKH9,10:24:25,53477.5800,1
LKH9,10:24:26,51904.7100,1
LKH9,10:24:27,49807.5500,1
LKH9,10:24:27,53477.5800,1
LKH9,10:24:41,50858.0700,1
LKH9,10:24:41,53479.6200,1
LKH9,10:24:58,53492.8800,2
LKH9,10:25:01,52954.3000,1
LKH9,10:25:08,54003.9300,1
LKH9,10:25:08,51906.6900,1
LKH9,10:25:18,54003.9300,3
LKH9,10:25:20,53469.4200,1
LKH9,10:25:20,52945.2100,1
LKH9,10:25:20,55031.5500,1
LKH9,10:25:20,52931.0700,1
LKH9,10:25:25,55026.3000,2
LKH9,10:25:32,50844.4900,1
LKH9,10:25:57,51361.8000,1
LKH9,10:26:00,49786.6500,1
LKH9,10:26:04,50835.7600,2
LKH9,10:26:07,51359.8400,2
LKH9,10:26:19,53982.3000,1
LKH9,10:26:26,50307.8400,1
LKH9,10:27:00,51876.9900,1
LKH9,10:27:04,50837.7000,1
LKH9,10:27:08,51876.9900,1
LKH9,10:27:08,54496.0000,12
LKH9,10:27:08,51352.0000,8
LKH9,10:27:38,52400.0000,1
LKH9,10:27:43,52408.0000,12
LKH9,10:27:43,53980.2400,88
LKH9,10:27:52,51876.9900,12
LKH9,10:28:29,51355.9200,5
LKH9,10:28:29,51879.9600,16
LKH9,10:28:29,49783.8000,2
LKH9,10:28:29,49783.8000,5
LKH9,10:28:44,53452.0800,1
LKH9,10:28:45,52404.0000,1
LKH9,10:28:47,51355.9200,1
LKH9,10:28:50,52919.9600,1
LKH9,10:28:50,50824.1200,1
LKH9,10:28:51,51345.1400,1
LKH9,10:28:51,49772.4000,4
LKH9,10:28:51,51340.2400,1
LKH9,10:28:51,50282.8800,9
LKH9,10:28:52,52378.0000,1
LKH9,10:28:55,52914.9100,1
LKH9,10:28:59,52921.9800,1
LKH9,10:29:06,53445.9600,1
LKH9,10:29:09,55011.6000,2
LKH9,10:29:13,52924.0000,1
LKH9,10:29:18,52399.0000,1
LKH9,10:29:19,51351.0200,1
LKH9,10:29:36,51885.9000,1
LKH9,10:29:36,51361.8000,2
LKH9,10:29:36,50313.6000,7
LKH9,10:30:18,52437.0000,1
LKH9,10:30:18,52437.0000,7
LKH9,10:30:18,50863.8900,1
LKH9,10:30:18,50339.5200,1
LKH9,10:30:18,49815.1500,1
LKH9,10:30:19,53485.7400,9
LKH9,10:30:25,55067.2500,1
LKH9,10:30:25,54535.5200,1
LKH9,10:30:25,51920.5500,1
LKH9,10:30:26,54018.3500,2
LKH9,10:30:26,54542.8000,2
LKH9,10:30:26,50347.2000,6
LKH9,10:30:26,52969.4500,1
LKH9,10:30:26,54018.3500,1
LKH9,10:30:26,50865.8300,1
LKH9,10:30:26,52962.3800,2
LKH9,10:30:26,52960.3600,2
LKH9,10:30:38,51910.6500,5
LKH9,10:30:40,52952.2800,1
LKH9,10:30:40,54524.0800,4
LKH9,10:31:02,52969.4500,6
LKH9,10:31:02,52971.4700,20
LKH9,10:31:02,53500.0200,1
LKH9,10:31:02,54549.0400,1
LKH9,10:31:02,51935.4000,7
LKH9,10:31:02,53509.2000,2
LKH9,10:31:02,52984.6000,1
LKH9,10:31:02,51935.4000,1
LKH9,10:31:02,50886.2000,2
LKH9,10:31:02,50346.2400,1
LKH9,10:31:02,54541.7600,1
LKH9,10:31:02,54538.6400,1
LKH9,10:31:13,51911.6400,1
LKH9,10:31:57,52973.4900,2
LKH9,10:31:58,54546.9600,2
LKH9,10:32:00,51924.5100,1
LKH9,10:32:01,49827.5000,1
LKH9,10:32:08,49826.5500,2
LKH9,10:32:08,50875.5300,2
LKH9,10:32:15,50875.5300,2
LKH9,10:32:28,50886.2000,1
LKH9,10:32:33,50352.9600,1
LKH9,10:33:05,50885.2300,1
LKH9,10:33:14,53492.8800,1
LKH9,10:33:24,52450.0000,3
LKH9,10:33:26,54020.4100,4
LKH9,10:34:52,53499.0000,1
LKH9,10:35:28,52974.5000,1
LKH9,10:35:28,49827.5000,1
LKH9,10:35:28,49827.5000,1
LKH9,10:35:28,55072.5000,1
LKH9,10:35:29,52974.5000,1
LKH9,10:35:29,49832.2500,1
LKH9,10:35:29,53504.1000,1
LKH9,10:35:29,51406.8800,1
LKH9,10:35:29,50882.3200,1
LKH9,10:35:29,50357.7600,1
LKH9,10:35:29,52981.5700,1
LKH9,10:35:30,54555.2800,1
LKH9,10:35:30,51932.4300,1
LKH9,10:35:30,54033.8000,1
LKH9,10:35:32,54033.8000,1
LKH9,10:35:32,49837.0000,1
LKH9,10:35:33,50361.6000,1
LKH9,10:35:33,49837.0000,1
LKH9,10:37:07,53503.0800,2
LKH9,10:37:07,54024.5300,1
LKH9,10:37:07,54549.0400,1
LKH9,10:37:07,50875.5300,2
LKH9,10:37:07,51924.5100,2
LKH9,10:37:07,49826.5500,1
LKH9,10:37:08,52440.0000,1
LKH9,10:37:08,51915.6000,1
LKH9,10:38:11,50342.4000,3
LKH9,10:38:34,54507.4400,1
LKH9,10:39:00,50315.5200,1
LKH9,10:39:49,55059.9000,2
LKH9,10:39:49,51924.5100,1
LKH9,10:40:22,52948.2400,1
LKH9,10:40:44,50348.1600,1
LKH9,10:40:51,49825.6000,1
LKH9,10:40:56,53497.9800,1
LKH9,10:40:56,49826.5500,2
LKH9,10:40:56,50351.0400,7
LKH9,10:41:24,55084.0500,1
LKH9,10:41:24,51937.3800,1
LKH9,10:41:24,49838.9000,16
LKH9,10:41:26,52989.6500,1
LKH9,10:41:39,51415.7000,2
LKH9,10:42:12,49846.5000,3
LKH9,10:42:39,52995.7100,1
LKH9,10:42:42,52997.7300,1
LKH9,10:42:42,49849.3500,1
LKH9,10:42:44,50898.8100,2
LKH9,10:42:49,52997.7300,1
LKH9,10:43:30,55089.3000,1
LKH9,10:43:33,50892.0200,4
LKH9,10:45:01,54579.2000,3
LKH9,10:45:08,49856.0000,1
LKH9,10:45:15,54580.2400,1
LKH9,10:45:38,51435.3000,1
LKH9,10:46:08,51963.1200,2
LKH9,10:46:08,51963.1200,2
LKH9,10:46:08,49863.6000,2
LKH9,10:46:08,53012.8800,2
LKH9,10:46:08,53012.8800,2
LKH9,10:46:08,54062.6400,2
LKH9,10:46:08,53537.7600,1
LKH9,10:46:24,54064.7000,1
LKH9,10:46:24,53539.8000,1
LKH9,10:47:16,54064.7000,1
LKH9,10:47:16,53539.8000,1
LKH9,10:47:32,55123.9500,2
LKH9,10:47:59,52490.0000,2
LKH9,10:48:04,49867.4000,1
LKH9,10:48:04,51967.0800,1
LKH9,10:48:09,53542.8600,1
LKH9,10:48:20,52999.7500,1
LKH9,10:48:20,49851.2500,1
LKH9,10:48:34,49851.2500,1
LKH9,10:48:53,50900.7500,1
LKH9,10:48:53,52996.7200,9
LKH9,10:48:53,51947.2800,5
LKH9,10:48:53,51947.2800,5
LKH9,10:48:54,54047.1900,1
LKH9,10:49:39,51965.1000,8
LKH9,10:49:39,54064.7000,1
LKH9,10:49:39,55114.5000,11
LKH9,10:50:04,52491.0000,1
LKH9,10:50:17,52491.0000,1
LKH9,10:50:24,55125.0000,2
LKH9,10:50:24,53550.0000,3
LKH9,10:50:29,51975.0000,1
LKH9,10:50:29,50925.0000,1
LKH9,10:50:29,51975.0000,1
LKH9,10:50:56,52510.0000,1
LKH9,10:50:56,50948.2800,1
LKH9,10:51:30,49894.0000,2
LKH9,10:52:08,55136.5500,1
LKH9,10:53:20,50419.2000,3
LKH9,10:53:26,55159.6500,2
LKH9,10:53:32,50959.9200,1
LKH9,10:53:47,55160.7000,3
LKH9,10:53:49,52530.0000,5
LKH9,10:54:13,52525.0000,5
LKH9,10:55:15,51474.5000,1
LKH9,10:55:34,53061.3600,1
LKH9,10:55:46,55161.7500,5
LKH9,10:55:47,53575.5000,1
LKH9,10:55:59,49914.9000,4
LKH9,10:56:00,50965.7400,2
LKH9,10:56:15,49899.7000,2
LKH9,10:57:22,52535.0000,5
LKH9,10:57:32,49898.7500,3
LKH9,10:57:43,53045.2000,2
LKH9,10:57:43,50944.4000,1
LKH9,10:57:45,53050.2500,5
LKH9,10:57:46,51477.4400,1
LKH9,10:57:46,54629.1200,1
LKH9,10:57:46,51477.4400,3
LKH9,10:58:10,51488.2200,1
LKH9,10:58:10,49914.9000,14
LKH9,10:58:10,54121.3500,2
LKH9,10:58:29,52020.5400,1
LKH9,10:58:29,50444.1600,1
LKH9,10:58:30,50446.0800,5
LKH9,10:58:47,50971.5600,1
LKH9,10:59:03,52535.0000,1
LKH9,10:59:04,49918.7000,2
LKH9,10:59:06,54636.4000,1
LKH9,10:59:14,51484.3000,3
LKH9,10:59:34,51493.1200,1
LKH9,10:59:34,50443.2000,1
LKH9,10:59:36,52545.0000,1
LKH9,10:59:52,55172.2500,1
LKH9,10:59:52,54121.3500,1
LKH9,10:59:58,50968.6500,1
LKH9,11:00:00,53595.9000,1
LKH9,11:00:00,54121.3500,6
LKH9,11:00:00,53594.8800,3
LKH9,11:00:00,50968.6500,5
LKH9,11:00:00,49920.6000,5
LKH9,11:00:00,54649.9200,2
LKH9,11:00:00,50446.0800,10
LKH9,11:00:00,50447.0400,15
LKH9,11:00:00,53601.0000,10
LKH9,11:00:00,55178.5500,1
LKH9,11:00:00,55183.8000,1
LKH9,11:00:00,52030.4400,1
LKH9,11:00:00,51497.0400,2
LKH9,11:00:01,52010.6400,5
LKH9,11:00:01,55162.8000,5
LKH9,11:00:01,55181.7000,3
LKH9,11:00:01,51485.2800,1
LKH9,11:00:02,53586.7200,1
LKH9,11:00:03,50958.9500,10
LKH9,11:00:03,55151.2500,5
LKH9,11:00:03,50424.0000,1
LKH9,11:00:03,50949.2500,1
LKH9,11:00:03,54095.6000,5
LKH9,11:00:03,54615.6000,3
LKH9,11:00:03,50424.9600,1
LKH9,11:00:03,52527.0000,3
LKH9,11:00:03,55158.6000,1
LKH9,11:00:16,52543.0000,2
LKH9,11:00:19,50449.9200,10
LKH9,11:00:42,53598.9600,2
LKH9,11:00:43,50447.0400,4
LKH9,11:00:44,52550.0000,1
LKH9,11:00:46,55177.5000,1
LKH9,11:00:51,51519.5800,1
LKH9,11:00:51,55201.6500,12
LKH9,11:00:51,53624.4600,1
LKH9,11:00:51,52048.2600,1
LKH9,11:00:51,55203.7500,5
LKH9,11:00:51,51524.4800,1
LKH9,11:00:51,54157.4000,1
LKH9,11:00:51,52058.1600,5
LKH9,11:00:51,50480.6400,4
LKH9,11:00:51,49954.8000,1
LKH9,11:00:51,53635.6800,7
LKH9,11:00:51,52061.1300,1
LKH9,11:00:51,53110.8500,1
LKH9,11:00:51,54161.5200,1
LKH9,11:00:51,50475.8400,1
LKH9,11:00:51,54166.6700,1
LKH9,11:00:51,51538.2000,5
LKH9,11:00:51,52590.0000,5
LKH9,11:00:52,53643.8400,1
LKH9,11:00:52,52067.0700,5
LKH9,11:00:52,49951.9500,1
LKH9,11:00:53,49963.3500,4
LKH9,11:00:53,54696.7200,5
LKH9,11:00:53,53644.8600,5
LKH9,11:00:53,52596.0000,5
LKH9,11:00:53,54173.8800,16
LKH9,11:00:53,51544.0800,9
LKH9,11:00:53,54178.0000,1
LKH9,11:00:53,49970.0000,5
LKH9,11:00:53,53652.0000,1
LKH9,11:00:53,53654.0400,5
LKH9,11:00:54,53126.0000,3
LKH9,11:00:54,53127.0100,2
LKH9,11:00:54,51022.9700,4
LKH9,11:00:55,50496.9600,3
LKH9,11:00:55,53653.0200,4
LKH9,11:00:55,50497.9200,1
LKH9,11:00:56,52602.0000,1
LKH9,11:00:56,55241.5500,15
LKH9,11:00:56,54192.4200,1
LKH9,11:00:56,51035.5800,1
LKH9,11:00:56,51035.5800,5
LKH9,11:00:56,51561.7200,5
LKH9,11:00:56,54194.4800,4
LKH9,11:00:56,54193.4500,3
LKH9,11:00:56,52088.8500,4
LKH9,11:00:56,51040.4300,1
LKH9,11:00:56,52619.0000,3
LKH9,11:00:56,54198.6000,1
LKH9,11:00:56,49993.7500,5
LKH9,11:00:56,49993.7500,1
LKH9,11:00:56,52625.0000,1
LKH9,11:00:56,55256.2500,5
LKH9,11:00:56,53678.5200,5
LKH9,11:00:56,52098.7500,2
LKH9,11:00:56,50513.2800,1
LKH9,11:00:57,53157.3100,6
LKH9,11:00:57,54213.0200,1
LKH9,11:00:57,55265.7000,5
LKH9,11:00:57,53683.6200,1
LKH9,11:00:57,53161.3500,1
LKH9,11:00:57,52110.6300,1
LKH9,11:00:57,51057.8900,1
LKH9,11:00:58,54736.2400,1
LKH9,11:01:00,51585.2400,2
LKH9,11:01:00,53691.7800,1
LKH9,11:01:00,52113.6000,1
LKH9,11:01:00,53693.8200,1
LKH9,11:01:00,53698.9200,2
LKH9,11:01:00,55274.1000,1
LKH9,11:01:00,51061.7700,5
LKH9,11:01:00,53697.9000,4
LKH9,11:01:00,51592.1000,2
LKH9,11:01:01,52121.5200,6
LKH9,11:01:01,54748.7200,1
LKH9,11:01:01,50015.6000,1
LKH9,11:01:01,51068.5600,2
LKH9,11:01:01,53700.9600,1
LKH9,11:01:01,52121.5200,1
LKH9,11:01:02,52648.0000,1
LKH9,11:01:02,50015.6000,4
LKH9,11:01:02,52648.0000,6
LKH9,11:01:02,54223.3200,2
LKH9,11:01:02,55281.4500,6
LKH9,11:01:02,50017.5000,1
LKH9,11:01:02,52123.5000,5
LKH9,11:01:02,52123.5000,1
LKH9,11:01:02,53703.0000,5
LKH9,11:01:02,52650.0000,1
LKH9,11:01:02,53176.5000,6
LKH9,11:01:02,54756.0000,1
LKH9,11:01:02,53176.5000,2
LKH9,11:01:02,52123.5000,1
LKH9,11:01:02,51597.0000,1
LKH9,11:01:03,52117.5600,2
LKH9,11:01:03,55282.5000,2
LKH9,11:01:03,51597.9800,2
LKH9,11:01:03,52126.4700,3
LKH9,11:01:03,50544.0000,5
LKH9,11:01:04,52644.0000,2
LKH9,11:01:04,52116.5700,5
LKH9,11:01:04,53169.4300,6
LKH9,11:01:04,52643.0000,6
LKH9,11:01:04,51063.7100,1
LKH9,11:01:04,54217.1400,6
LKH9,11:01:04,50006.1000,6
LKH9,11:01:04,52111.6200,6
LKH9,11:01:04,51580.3400,6
LKH9,11:01:04,51054.9800,2
LKH9,11:01:04,51055.9500,4
LKH9,11:01:04,51056.9200,3
LKH9,11:01:04,52640.0000,1
LKH9,11:01:04,52640.0000,1
LKH9,11:01:04,51060.8000,2
LKH9,11:01:04,53694.8400,3
LKH9,11:01:04,51589.1600,6
LKH9,11:01:06,53669.3400,1
LKH9,11:01:16,54203.7500,7
LKH9,11:01:17,50511.3600,1
LKH9,11:01:17,49984.2500,2
LKH9,11:01:25,51042.3700,1
LKH9,11:01:25,55256.2500,3
LKH9,11:01:25,50525.7600,1
LKH9,11:01:25,50003.2500,5
LKH9,11:01:25,52636.0000,8
LKH9,11:01:25,52636.0000,4
LKH9,11:01:25,50530.5600,3
LKH9,11:01:25,53688.7200,5
LKH9,11:01:25,51056.9200,1
LKH9,11:01:25,52109.6400,5
LKH9,11:01:25,54723.7600,1
LKH9,11:01:25,49999.4500,3
LKH9,11:01:25,55262.5500,2
LKH9,11:01:34,50013.7000,15
LKH9,11:01:34,54751.8400,15
LKH9,11:01:38,50532.4800,1
LKH9,11:01:47,51581.3200,3
LKH9,11:01:47,50529.6000,6
LKH9,11:01:47,50005.1500,3
LKH9,11:01:47,54216.1100,4
LKH9,11:01:47,54743.5200,5
LKH9,11:01:47,51059.8300,3
LKH9,11:01:47,50527.6800,3
LKH9,11:01:47,54743.5200,1
LKH9,11:01:52,55277.2500,1
LKH9,11:01:52,55281.4500,12
LKH9,11:01:52,52123.5000,10
LKH9,11:01:52,54228.4700,2
LKH9,11:01:52,50016.5500,1
LKH9,11:01:52,54228.4700,1
LKH9,11:01:53,53175.4900,1
LKH9,11:01:53,55281.4500,1
LKH9,11:01:53,51075.3500,3
LKH9,11:01:53,51075.3500,8
LKH9,11:01:56,55282.5000,1
LKH9,11:01:58,54235.6800,15
LKH9,11:01:58,51604.8400,10
LKH9,11:01:58,55291.9500,15
LKH9,11:01:58,51603.8600,1
LKH9,11:01:58,50024.1500,1
LKH9,11:01:58,51603.8600,3
LKH9,11:01:58,52656.0000,2
LKH9,11:01:58,52656.0000,17
LKH9,11:02:01,54769.5200,1
LKH9,11:02:01,55297.2000,2
LKH9,11:02:01,50544.0000,1
LKH9,11:02:01,50027.0000,2
LKH9,11:02:01,51597.0000,1
LKH9,11:02:01,53176.5000,2
LKH9,11:02:03,53190.6400,13
LKH9,11:02:03,53717.2800,10
LKH9,11:02:03,51611.7000,2
LKH9,11:02:03,51084.0800,14
LKH9,11:02:03,54766.4000,1
LKH9,11:02:05,52666.0000,2
LKH9,11:02:06,53193.6700,4
LKH9,11:02:14,51083.1100,2
LKH9,11:02:16,54766.4000,1
LKH9,11:02:16,54239.8000,2
LKH9,11:02:16,54766.4000,2
LKH9,11:02:16,52660.0000,5
LKH9,11:02:19,54229.5000,1
LKH9,11:02:20,53703.0000,1
LKH9,11:02:20,52107.6600,2
LKH9,11:02:20,53686.6800,1
LKH9,11:02:20,49997.5500,2
LKH9,11:02:25,54230.5300,1
LKH9,11:02:26,52639.0000,2
LKH9,11:02:26,52127.4600,2
LKH9,11:02:26,51595.0400,3
LKH9,11:02:26,53700.9600,1
LKH9,11:02:27,51065.6500,1
LKH9,11:02:34,50548.8000,5
LKH9,11:02:36,50015.6000,1
LKH9,11:02:36,50542.0800,1
LKH9,11:02:36,51595.0400,1
LKH9,11:02:42,51594.0600,2
LKH9,11:02:48,52120.5300,1
LKH9,11:02:48,52645.0000,1
LKH9,11:02:48,50011.8000,1
LKH9,11:02:52,53173.4700,1
LKH9,11:02:54,52647.0000,1
LKH9,11:02:55,53699.9400,3
LKH9,11:03:01,52120.5300,2
LKH9,11:03:01,50014.6500,1
LKH9,11:03:01,51585.2400,1
LKH9,11:03:21,55261.5000,1
LKH9,11:03:24,52625.0000,6
LKH9,11:03:24,49993.7500,6
LKH9,11:03:26,51584.2600,8
LKH9,11:03:26,55268.8500,1
LKH9,11:03:26,51057.8900,3
LKH9,11:03:26,53689.7400,1
LKH9,11:03:26,50532.4800,12
LKH9,11:03:27,54748.7200,3
LKH9,11:03:27,51590.1400,3
LKH9,11:03:27,55275.1500,6
LKH9,11:03:27,53169.4300,1
LKH9,11:03:27,53680.5600,1
LKH9,11:03:27,50543.0400,1
LKH9,11:03:27,55281.4500,1
LKH9,11:03:27,51069.5300,4
LKH9,11:03:30,50516.1600,1
LKH9,11:03:30,53673.4200,2
LKH9,11:03:32,53694.8400,5
LKH9,11:03:32,53680.5600,1
LKH9,11:03:33,54749.7600,6
LKH9,11:03:33,50539.2000,2
LKH9,11:03:33,50538.2400,8
LKH9,11:03:33,55282.5000,5
LKH9,11:03:33,53703.0000,1
LKH9,11:03:33,55282.5000,9
LKH9,11:03:33,54231.5600,2
LKH9,11:03:50,50011.8000,1
LKH9,11:03:50,54224.3500,1
LKH9,11:04:03,53692.8000,1
LKH9,11:04:03,54219.2000,1
LKH9,11:04:03,51050.1300,1
LKH9,11:04:09,53691.7800,1
LKH9,11:04:10,50523.8400,1
LKH9,11:04:10,52628.0000,2
LKH9,11:04:14,51071.4700,1
LKH9,11:04:21,52652.0000,1
LKH9,11:04:24,53705.0400,1
LKH9,11:04:54,53703.0000,10
LKH9,11:04:57,53186.6000,3
LKH9,11:04:57,51606.8000,4
LKH9,11:04:57,53713.2000,3
LKH9,11:05:00,55301.4000,1
LKH9,11:05:04,53717.2800,1
LKH9,11:05:09,51086.0200,1
LKH9,11:05:09,51616.6000,1
LKH9,11:05:09,50567.0400,1
LKH9,11:05:09,51621.5000,5
LKH9,11:05:09,55308.7500,15
LKH9,11:05:09,53728.5000,10
LKH9,11:05:09,52149.2400,5
LKH9,11:05:09,50572.8000,1
LKH9,11:05:09,52680.0000,1
LKH9,11:05:09,52679.0000,2
LKH9,11:05:09,52152.2100,2
LKH9,11:05:09,50045.0500,1
LKH9,11:05:10,52678.0000,1
LKH9,11:05:10,54260.4000,1
LKH9,11:05:10,50571.8400,1
LKH9,11:05:10,50572.8000,7
LKH9,11:05:10,53733.6000,15
LKH9,11:05:10,51099.6000,1
LKH9,11:05:10,51626.4000,1
LKH9,11:05:11,50572.8000,1
LKH9,11:05:12,50051.7000,1
LKH9,11:05:12,50050.7500,1
LKH9,11:05:31,50572.8000,6
LKH9,11:05:32,51099.6000,10
LKH9,11:05:32,50046.0000,1
LKH9,11:05:32,53216.9000,1
LKH9,11:05:32,52163.1000,9
LKH9,11:05:32,53219.9300,1
LKH9,11:05:32,51099.6000,1
LKH9,11:05:33,52162.1100,1
LKH9,11:05:33,50581.4400,1
LKH9,11:05:33,52158.1500,1
LKH9,11:05:34,50586.2400,1
LKH9,11:05:34,53221.9500,1
LKH9,11:05:35,50064.0500,1
LKH9,11:05:37,53747.8800,1
LKH9,11:05:38,54272.7600,2
LKH9,11:05:38,54271.7300,1
LKH9,11:05:39,54271.7300,1
LKH9,11:05:44,54808.0000,1
LKH9,11:05:44,52173.0000,2
LKH9,11:05:44,55335.0000,3
LKH9,11:05:44,52700.0000,4
LKH9,11:05:44,54281.0000,9
LKH9,11:05:44,50592.0000,12
LKH9,11:05:44,54281.0000,84
LKH9,11:05:44,53754.0000,6
LKH9,11:05:49,55342.3500,1
LKH9,11:05:49,50078.3000,1
LKH9,11:05:50,55356.0000,1
LKH9,11:05:50,50085.9000,2
LKH9,11:05:50,54831.9200,1
LKH9,11:05:51,52727.0000,14
LKH9,11:05:51,55363.3500,5
LKH9,11:05:53,53764.2000,3
LKH9,11:05:53,51128.7000,17
LKH9,11:05:53,53784.6000,1
LKH9,11:05:53,55367.5500,1
LKH9,11:05:53,53780.5200,1
LKH9,11:05:53,54835.0400,1
LKH9,11:05:53,50089.7000,1
LKH9,11:05:54,55371.7500,1
LKH9,11:05:54,51680.3000,1
LKH9,11:05:54,51143.2500,1
LKH9,11:05:57,54312.9300,5
LKH9,11:05:57,54312.9300,1
LKH9,11:06:00,52191.8100,1
LKH9,11:06:02,50088.7500,1
LKH9,11:06:02,52197.7500,1
LKH9,11:06:05,54834.0000,1
LKH9,11:06:05,53252.2500,1
LKH9,11:06:05,51143.2500,1
LKH9,11:06:05,53779.5000,1
LKH9,11:06:05,55361.2500,1
LKH9,11:06:05,50088.7500,1
LKH9,11:06:05,50616.0000,1
LKH9,11:06:06,54313.9600,1
LKH9,11:06:06,51680.3000,1
LKH9,11:06:06,50098.2500,1
LKH9,11:06:06,53258.3100,1
LKH9,11:06:11,52725.0000,1
LKH9,11:06:11,53252.2500,1
LKH9,11:06:11,53252.2500,2
LKH9,11:06:11,53252.2500,1
LKH9,11:06:14,50616.0000,6
LKH9,11:06:18,54323.2300,3
LKH9,11:06:18,51158.7700,3
LKH9,11:06:19,53803.9800,1
LKH9,11:06:19,52740.0000,1
LKH9,11:06:21,52213.5900,10
LKH9,11:06:23,51166.5300,2
LKH9,11:06:25,50108.7000,1
LKH9,11:06:30,53797.8600,1
LKH9,11:06:31,50630.4000,1
LKH9,11:06:33,50635.2000,1
LKH9,11:06:33,54327.3500,1
LKH9,11:06:33,51690.1000,1
LKH9,11:06:33,51690.1000,1
LKH9,11:06:36,50107.7500,6
LKH9,11:06:37,50637.1200,1
LKH9,11:06:37,51166.5300,2
LKH9,11:06:37,53803.9800,1
LKH9,11:06:37,55387.5000,1
LKH9,11:06:38,54860.0000,4
LKH9,11:06:44,54860.0000,3
LKH9,11:06:44,55387.5000,16
LKH9,11:06:44,54860.0000,27
LKH9,11:06:45,50120.1000,1
LKH9,11:06:46,53289.6200,2
LKH9,11:06:52,55387.5000,3
LKH9,11:06:55,52222.5000,7
LKH9,11:06:57,51167.5000,1
LKH9,11:06:57,50644.8000,4
LKH9,11:07:02,55400.1000,1
LKH9,11:07:02,54867.2800,1
LKH9,11:07:05,51701.8600,1
LKH9,11:07:20,53291.6400,1
LKH9,11:07:20,51721.4600,2
LKH9,11:07:20,51721.4600,1
LKH9,11:07:20,54888.0800,2
LKH9,11:07:20,51204.3600,12
LKH9,11:07:20,50683.2000,1
LKH9,11:07:20,55434.7500,3
LKH9,11:07:20,54907.8400,10
LKH9,11:07:20,54382.9700,12
LKH9,11:07:20,52272.0000,1
LKH9,11:07:20,54912.0000,1
LKH9,11:07:20,51744.0000,1
LKH9,11:07:20,50688.0000,4
LKH9,11:07:20,53328.0000,1
LKH9,11:07:20,55440.0000,1
LKH9,11:07:20,55443.1500,5
LKH9,11:07:20,52804.0000,3
LKH9,11:07:20,50165.7000,5
LKH9,11:07:20,50693.7600,10
LKH9,11:07:20,54907.8400,1
LKH9,11:07:20,51197.5700,1
LKH9,11:07:20,51725.3800,1
LKH9,11:07:20,52781.0000,2
LKH9,11:07:20,50668.8000,1
LKH9,11:07:20,54365.4600,1
LKH9,11:07:20,53836.6200,1
LKH9,11:07:21,50664.9600,1
LKH9,11:07:21,51717.5400,1
LKH9,11:07:21,51214.0600,1
LKH9,11:07:21,55438.9500,9
LKH9,11:07:21,50141.0000,1
LKH9,11:07:21,50141.0000,1
LKH9,11:07:21,53835.6000,1
LKH9,11:07:21,51724.4000,1
LKH9,11:07:21,51196.6000,1
LKH9,11:07:21,53854.9800,1
LKH9,11:07:21,50159.0500,2
LKH9,11:07:21,52253.1900,1
LKH9,11:07:22,52773.0000,1
LKH9,11:07:22,55434.7500,1
LKH9,11:07:22,50156.2000,1
LKH9,11:07:24,52797.0000,1
LKH9,11:07:25,51208.2400,3
LKH9,11:07:36,54374.7300,1
LKH9,11:07:43,51216.9700,1
LKH9,11:07:45,50688.9600,1
LKH9,11:07:46,53329.0100,5
LKH9,11:07:46,52800.0000,3
LKH9,11:07:46,50688.0000,3
LKH9,11:07:46,54912.0000,9
LKH9,11:07:46,50688.0000,23
LKH9,11:07:46,51728.3200,6
LKH9,11:07:46,52260.1200,1
LKH9,11:07:46,51733.2200,1
LKH9,11:07:50,53286.5900,2
LKH9,11:07:50,50648.6400,1
LKH9,11:07:54,51176.2300,1
LKH9,11:07:54,52231.4100,2
LKH9,11:07:54,51176.2300,1
LKH9,11:07:56,51177.2000,1
LKH9,11:07:56,50648.6400,2
LKH9,11:07:58,50120.1000,4
LKH9,11:07:58,51173.3200,3
LKH9,11:07:59,52759.0000,1
LKH9,11:08:02,54328.3800,1
LKH9,11:08:02,54841.2800,3
LKH9,11:08:02,51149.0700,2
LKH9,11:08:02,51145.1900,1
LKH9,11:08:06,55363.3500,1
LKH9,11:08:07,53254.2700,1
LKH9,11:08:08,55363.3500,1
LKH9,11:08:09,51145.1900,1
LKH9,11:08:09,50098.2500,1
LKH9,11:08:11,50618.8800,1
LKH9,11:08:11,50617.9200,4
LKH9,11:08:15,54319.1100,1
LKH9,11:08:16,53778.4800,2
LKH9,11:08:24,50095.4000,3
LKH9,11:08:24,50622.7200,4
LKH9,11:08:28,52729.0000,4
LKH9,11:08:42,51154.8900,3
LKH9,11:08:42,51682.2600,2
LKH9,11:08:42,53261.3400,5
LKH9,11:08:42,52206.6600,11
LKH9,11:08:42,50619.8400,1
LKH9,11:08:42,52729.0000,1
LKH9,11:08:48,52206.6600,11
LKH9,11:08:48,50624.6400,11
LKH9,11:08:48,51151.9800,1
LKH9,11:08:48,51151.9800,1
LKH9,11:08:48,52734.0000,1
LKH9,11:08:48,51679.3200,1
LKH9,11:08:48,54316.0200,26
LKH9,11:09:13,50635.2000,1
LKH9,11:09:21,50653.4400,1
LKH9,11:09:40,54346.9200,2
LKH9,11:09:40,53291.6400,8
LKH9,11:09:44,54855.8400,1
LKH9,11:09:51,52761.0000,4
LKH9,11:09:53,53799.9000,2
LKH9,11:10:05,54853.7600,4
LKH9,11:10:14,53816.2200,5
LKH9,11:10:22,50640.0000,1
LKH9,11:10:35,53283.5600,1
LKH9,11:10:46,52757.0000,3
LKH9,11:10:53,53832.5400,1
LKH9,11:10:55,50139.1000,1
LKH9,11:11:08,51194.6600,1
LKH9,11:11:36,54377.8200,4
LKH9,11:11:39,50155.2500,1
LKH9,11:11:54,54905.7600,1
LKH9,11:11:54,55434.7500,3
LKH9,11:12:36,53810.1000,1
LKH9,11:12:37,55393.8000,1
LKH9,11:12:38,53288.6100,1
LKH9,11:12:38,50651.5200,12
LKH9,11:12:38,55402.2000,2
LKH9,11:12:38,50125.8000,1
LKH9,11:12:38,51712.6400,10
LKH9,11:12:38,51717.5400,3
LKH9,11:12:38,54357.2200,10
LKH9,11:12:38,50663.0400,2
LKH9,11:12:38,51192.7200,2
LKH9,11:12:38,52248.2400,3
LKH9,11:12:38,52254.1800,3
LKH9,11:12:38,51202.4200,12
LKH9,11:12:38,55426.3500,12
LKH9,11:12:38,51202.4200,2
LKH9,11:12:38,53318.9100,5
LKH9,11:12:38,53850.9000,5
LKH9,11:12:38,53850.9000,5
LKH9,11:12:38,52794.0000,5
LKH9,11:12:40,53849.8800,5
LKH9,11:12:40,52268.0400,1
LKH9,11:12:41,54908.8800,1
LKH9,11:12:41,52272.0000,5
LKH9,11:12:43,53856.0000,5
LKH9,11:12:43,51216.0000,5
LKH9,11:12:43,54912.0000,5
LKH9,11:12:43,50688.0000,5
LKH9,11:12:43,54384.0000,1
LKH9,11:12:43,54381.9400,1
LKH9,11:12:44,51738.1200,1
LKH9,11:12:51,54902.6400,1
LKH9,11:12:51,50151.4500,1
LKH9,11:12:52,50696.6400,3
LKH9,11:12:52,52282.8900,1
LKH9,11:12:52,50698.5600,1
LKH9,11:12:52,51226.6700,1
LKH9,11:12:52,53340.1200,1
LKH9,11:13:01,51754.7800,1
LKH9,11:13:26,51741.0600,2
LKH9,11:13:27,55451.5500,12
LKH9,11:13:27,50171.4000,1
LKH9,11:13:27,53340.1200,1
LKH9,11:13:27,51229.5800,1
LKH9,11:13:27,50706.2400,5
LKH9,11:13:27,54403.5700,4
LKH9,11:13:27,55459.9500,1
LKH9,11:13:27,50709.1200,1
LKH9,11:13:27,55463.1000,2
LKH9,11:13:27,51240.2500,15
LKH9,11:13:27,53353.2500,5
LKH9,11:13:27,51240.2500,13
LKH9,11:13:27,52825.0000,17
LKH9,11:13:27,52298.7300,1
LKH9,11:13:27,53364.3600,3
LKH9,11:13:27,53367.3900,12
LKH9,11:13:27,55482.0000,4
LKH9,11:13:27,50726.4000,1
LKH9,11:13:27,52831.0000,4
LKH9,11:13:28,52838.0000,1
LKH9,11:13:28,52838.0000,1
LKH9,11:13:28,53372.4400,1
LKH9,11:13:28,54958.8000,1
LKH9,11:13:28,55488.3000,1
LKH9,11:13:28,50207.5000,1
LKH9,11:13:28,50207.5000,1
LKH9,11:13:28,53907.0000,7
LKH9,11:13:28,54428.2900,2
LKH9,11:13:28,52850.0000,4
LKH9,11:13:29,51793.0000,32
LKH9,11:13:41,55474.6500,3
LKH9,11:13:41,55476.7500,1
LKH9,11:13:58,53886.6000,5
LKH9,11:13:58,52288.8300,1
LKH9,11:14:04,55461.0000,2
LKH9,11:14:06,50174.2500,1
LKH9,11:14:10,53884.5600,5
LKH9,11:14:10,51243.1600,1
LKH9,11:14:14,53878.4400,1
LKH9,11:14:15,51239.2800,5
LKH9,11:14:15,53349.2100,5
LKH9,11:14:15,54403.5700,3
LKH9,11:14:15,53874.3600,5
LKH9,11:14:15,50704.3200,6
LKH9,11:14:15,50174.2500,3
LKH9,11:14:15,52282.8900,1
LKH9,11:14:23,55469.4000,1
LKH9,11:14:24,54412.8400,1
LKH9,11:14:34,55469.4000,2
LKH9,11:14:39,50708.1600,1
LKH9,11:14:41,55462.0500,5
LKH9,11:14:42,54941.1200,1
LKH9,11:14:42,50714.8800,1
LKH9,11:14:42,53884.5600,2
LKH9,11:14:42,53884.5600,2
LKH9,11:14:42,55469.4000,1
LKH9,11:14:42,50186.6000,1
LKH9,11:14:43,53879.4600,1
LKH9,11:14:51,54432.4100,1
LKH9,11:14:51,50733.1200,2
LKH9,11:14:51,52321.5000,32
LKH9,11:14:51,55492.5000,5
LKH9,11:14:51,54435.5000,1
LKH9,11:14:51,51271.2900,1
LKH9,11:14:51,53405.7700,1
LKH9,11:14:51,52877.0000,1
LKH9,11:14:51,55532.4000,1
LKH9,11:14:51,52888.0000,1
LKH9,11:14:51,55004.5600,2
LKH9,11:14:51,53417.8900,4
LKH9,11:14:52,52889.0000,1
LKH9,11:14:52,51831.2200,1
LKH9,11:14:52,53925.3600,1
LKH9,11:14:52,52868.0000,1
LKH9,11:14:52,52881.0000,10
LKH9,11:14:53,51275.1700,1
LKH9,11:14:54,53389.6100,7
LKH9,11:14:54,51275.1700,2
LKH9,11:14:54,53918.2200,6
LKH9,11:14:54,51275.1700,4
LKH9,11:14:55,51258.6800,1
LKH9,11:15:03,51269.3500,1
LKH9,11:15:13,51801.8200,1
LKH9,11:15:13,51801.8200,1
LKH9,11:15:18,52330.4100,1
LKH9,11:15:20,54440.6500,3
LKH9,11:15:20,53917.2000,1
LKH9,11:15:20,54974.4000,3
LKH9,11:15:20,52334.3700,30
LKH9,11:15:20,50217.9500,3
LKH9,11:15:20,51277.1100,4
LKH9,11:15:20,53920.2600,4
LKH9,11:15:20,50748.4800,1
LKH9,11:15:20,52334.3700,1
LKH9,11:15:20,54977.5200,4
LKH9,11:15:20,51805.7400,1
LKH9,11:15:20,51277.1100,1
LKH9,11:15:20,52863.0000,104
LKH9,11:15:20,54977.5200,50
LKH9,11:15:20,52890.0000,2
LKH9,11:15:20,51303.3000,5
LKH9,11:15:20,55534.5000,5
LKH9,11:15:20,52887.0000,5
LKH9,11:15:20,52361.1000,5
LKH9,11:15:20,52361.1000,5
LKH9,11:15:20,53415.8700,5
LKH9,11:15:20,50249.3000,1
LKH9,11:15:20,51842.9800,1
LKH9,11:15:20,55546.0500,1
LKH9,11:15:20,55546.0500,4
LKH9,11:15:20,51313.0000,2
LKH9,11:15:20,53966.1600,1
LKH9,11:15:21,52904.0000,1
LKH9,11:15:21,52903.0000,1
LKH9,11:15:21,52374.9600,1
LKH9,11:15:21,53445.1600,2
LKH9,11:15:22,50270.2000,1
LKH9,11:15:24,53972.2800,1
LKH9,11:15:24,55031.6000,1
LKH9,11:15:24,53973.3000,1
LKH9,11:15:25,52928.0000,3
LKH9,11:15:25,52928.0000,4
LKH9,11:15:25,50281.6000,2
LKH9,11:15:25,50810.8800,1
LKH9,11:15:25,54515.8400,1
LKH9,11:15:25,55574.4000,5
LKH9,11:15:25,53457.2800,20
LKH9,11:15:25,55574.4000,2
LKH9,11:15:25,50281.6000,14
LKH9,11:15:25,52400.7000,1
LKH9,11:15:25,51341.1300,5
LKH9,11:15:25,53984.5200,5
LKH9,11:15:25,55040.9600,12
LKH9,11:15:25,52923.0000,3
LKH9,11:15:25,50806.0800,5
LKH9,11:15:25,53978.4000,5
LKH9,11:15:25,51861.6000,7
LKH9,11:15:25,51327.5500,1
LKH9,11:15:25,50801.2800,6
LKH9,11:15:25,50801.2800,6
LKH9,11:15:25,55563.9000,6
LKH9,11:15:25,55034.7200,6
LKH9,11:15:25,50801.2800,6
LKH9,11:15:25,53976.3600,6
LKH9,11:15:25,55051.3600,2
LKH9,11:15:25,51876.3000,3
LKH9,11:15:25,53464.3500,12
LKH9,11:15:25,51347.9200,1
LKH9,11:15:25,54528.2000,2
LKH9,11:15:25,50293.0000,2
LKH9,11:15:25,55059.6800,1
LKH9,11:15:25,50824.3200,2
LKH9,11:15:25,54000.8400,3
LKH9,11:15:25,52414.5600,1
LKH9,11:15:25,52414.5600,1
LKH9,11:15:25,55068.0000,1
LKH9,11:15:25,52423.4700,7
LKH9,11:15:25,54002.8800,5
LKH9,11:15:25,53488.5900,2
LKH9,11:15:25,50846.4000,3
LKH9,11:15:25,51907.6600,1
LKH9,11:15:25,52966.0000,1
LKH9,11:15:26,53503.7400,1
LKH9,11:15:27,54029.4000,1
LKH9,11:15:27,54559.1000,1
LKH9,11:15:27,51910.6000,1
LKH9,11:15:27,50849.2800,3
LKH9,11:15:27,55086.7200,1
LKH9,11:15:27,52968.0000,3
LKH9,11:15:27,54024.3000,1
LKH9,11:15:27,55613.2500,3
LKH9,11:15:27,53494.6500,3
LKH9,11:15:27,55083.6000,3
LKH9,11:15:27,55069.0400,2
LKH9,11:15:27,50832.9600,1
LKH9,11:15:28,51363.4400,1
LKH9,11:15:28,51387.6900,3
LKH9,11:15:33,50843.5200,3
LKH9,11:15:33,55610.1000,4
LKH9,11:15:35,52438.3200,1
LKH9,11:15:47,52950.0000,1
LKH9,11:15:49,51361.5000,1
LKH9,11:15:49,54009.0000,1
LKH9,11:15:49,54009.0000,1
LKH9,11:15:49,54009.0000,1
LKH9,11:15:49,55068.0000,1
LKH9,11:15:51,51364.4100,2
LKH9,11:15:51,54530.2600,1
LKH9,11:15:54,50833.9200,1
LKH9,11:15:55,55578.6000,6
LKH9,11:15:55,51873.3600,6
LKH9,11:15:55,50283.5000,1
LKH9,11:15:55,50811.8400,7
LKH9,11:15:55,50815.6800,2
LKH9,11:15:56,50815.6800,1
LKH9,11:15:56,51345.0100,1
LKH9,11:15:56,55050.3200,2
LKH9,11:15:56,55579.6500,2
LKH9,11:16:00,50278.7500,10
LKH9,11:16:00,55571.2500,10
LKH9,11:16:05,51342.1000,2
LKH9,11:16:13,52900.0000,2
LKH9,11:16:16,50784.9600,1
LKH9,11:16:27,55016.0000,7
LKH9,11:16:35,53429.0000,1
LKH9,11:16:35,51289.7200,1
LKH9,11:16:36,52892.0000,2
LKH9,11:16:36,54478.7600,2
LKH9,11:16:36,50247.4000,1
LKH9,11:16:36,50776.3200,2
LKH9,11:16:36,53420.9200,1
LKH9,11:16:36,53420.9200,1
LKH9,11:16:37,53404.7600,1
LKH9,11:16:48,51818.4800,6
LKH9,11:16:48,53404.7600,4
LKH9,11:16:53,51833.1800,1
LKH9,11:17:16,52896.0000,5
LKH9,11:17:17,52893.0000,1
LKH9,11:17:17,55014.9600,1
LKH9,11:17:17,52900.0000,1
LKH9,11:17:17,55016.0000,2
LKH9,11:17:17,53429.0000,2
LKH9,11:17:17,52900.0000,2
LKH9,11:17:17,50784.0000,2
LKH9,11:17:50,54441.6800,1
LKH9,11:17:50,52861.0000,3
LKH9,11:18:05,55497.7500,4
LKH9,11:18:05,55496.7000,3
LKH9,11:18:05,51267.4100,3
LKH9,11:18:17,54438.5900,2
LKH9,11:18:17,50209.4000,4
LKH9,11:18:17,52321.5000,1
LKH9,11:18:17,51262.5600,1
LKH9,11:18:17,52318.5300,10
LKH9,11:18:17,54455.0700,2
LKH9,11:18:21,55528.2000,1
LKH9,11:18:21,52884.0000,1
LKH9,11:18:31,51264.5000,1
LKH9,11:18:33,54957.7600,3
LKH9,11:18:33,54957.7600,4
LKH9,11:18:33,54956.7200,3
LKH9,11:18:33,52843.0000,1
LKH9,11:18:37,55486.2000,1
LKH9,11:18:45,53375.4700,2
LKH9,11:19:23,54402.5400,1
LKH9,11:19:48,51770.4600,3
LKH9,11:19:48,53354.2600,7
LKH9,11:19:48,50185.6500,2
LKH9,11:19:48,55466.2500,8
LKH9,11:19:48,53354.2600,1
LKH9,11:19:54,53889.6600,1
LKH9,11:20:03,53376.4800,1
LKH9,11:20:07,54406.6600,3
LKH9,11:20:07,53349.2100,1
LKH9,11:20:09,54431.3800,1
LKH9,11:20:23,54410.7800,2
LKH9,11:20:25,54945.2800,2
LKH9,11:20:25,50719.6800,1
LKH9,11:20:25,53363.3500,2
LKH9,11:20:25,50721.6000,5
LKH9,11:20:25,55469.4000,1
LKH9,11:20:29,54415.9300,2
LKH9,11:21:05,53378.5000,1
LKH9,11:21:08,51793.0000,2
LKH9,11:21:08,52321.5000,1
LKH9,11:21:09,55492.5000,1
LKH9,11:21:16,51264.5000,3
LKH9,11:21:16,51264.5000,1
LKH9,11:21:16,53907.0000,2
LKH9,11:21:16,51793.0000,1
LKH9,11:21:19,52854.0000,1
LKH9,11:21:22,51793.0000,3
LKH9,11:21:58,55494.6000,8
LKH9,11:22:04,50737.9200,1
LKH9,11:22:23,53904.9600,3
LKH9,11:22:23,55478.8500,1
LKH9,11:22:37,53376.4800,12
LKH9,11:22:37,51262.5600,3
LKH9,11:23:28,50187.5500,1
LKH9,11:24:38,52855.0000,1
LKH9,11:24:55,53911.0800,1
LKH9,11:26:33,55488.3000,4
LKH9,11:27:53,51230.5500,1
LKH9,11:27:54,52277.9400,1
LKH9,11:27:54,52804.0000,4
LKH9,11:27:56,52805.0000,1
LKH9,11:28:35,50706.2400,1
LKH9,11:28:36,53343.1500,2
LKH9,11:28:39,52819.0000,1
LKH9,11:28:49,55459.9500,2
LKH9,11:29:05,52819.0000,1
LKH9,11:29:10,52826.0000,1
LKH9,11:30:53,52344.2700,3
LKH9,11:30:53,54984.8000,2
LKH9,11:30:54,54456.1000,1
LKH9,11:30:54,53928.4200,1
LKH9,11:30:54,54456.1000,2
LKH9,11:31:00,52869.0000,1
LKH9,11:31:00,54456.1000,1
LKH9,11:31:07,53387.5900,1
LKH9,11:31:15,51802.8000,1
LKH9,11:31:41,50744.6400,1
LKH9,11:31:49,51264.5000,1
LKH9,11:32:34,54456.1000,1
LKH9,11:33:15,54967.1200,2
LKH9,11:33:15,51794.9600,5
LKH9,11:33:15,53908.0200,1
LKH9,11:33:15,50736.0000,1
LKH9,11:33:15,53378.5000,1
LKH9,11:34:09,55493.5500,2
LKH9,11:34:09,53913.1200,2
LKH9,11:34:09,53913.1200,1
LKH9,11:34:09,53384.5600,1
LKH9,11:34:09,54970.2400,2
LKH9,11:34:09,52327.4400,2
LKH9,11:34:27,52309.6200,3
LKH9,11:34:27,52309.6200,3
LKH9,11:34:27,54951.5200,3
LKH9,11:34:27,55478.8500,1
LKH9,11:34:35,52810.0000,3
LKH9,11:34:35,51228.6100,1
LKH9,11:34:43,51763.6000,1
LKH9,11:34:53,53876.4000,1
LKH9,11:34:56,51753.8000,27
LKH9,11:35:00,54915.1200,2
LKH9,11:35:03,54912.0000,3
LKH9,11:35:04,52261.1100,2
LKH9,11:35:04,52261.1100,1
LKH9,11:35:04,50148.6000,10
LKH9,11:35:04,54370.6100,7
LKH9,11:35:08,50659.2000,1
LKH9,11:35:11,53834.5800,1
LKH9,11:35:11,54880.8000,1
LKH9,11:35:13,52778.0000,1
LKH9,11:35:13,55398.0000,1
LKH9,11:35:27,53817.2400,1
LKH9,11:35:27,54871.4400,1
LKH9,11:35:28,53292.6500,2
LKH9,11:35:28,52766.0000,1
LKH9,11:35:31,50657.2800,1
LKH9,11:35:31,50121.0500,1
LKH9,11:35:32,54350.0100,1
LKH9,11:35:32,53284.5700,1
LKH9,11:35:32,54867.2800,1
LKH9,11:35:33,50116.3000,1
LKH9,11:35:36,54341.7700,1
LKH9,11:36:29,55406.4000,1
LKH9,11:39:11,50720.6400,1
LKH9,11:39:11,54419.0200,1
LKH9,11:39:17,52304.6700,1
LKH9,11:39:47,52832.0000,7
LKH9,11:40:28,50693.7600,1
LKH9,11:40:28,54389.1500,1
LKH9,11:40:28,53343.1500,4
LKH9,11:40:36,52287.8400,1
LKH9,11:41:06,50174.2500,1
LKH9,11:41:17,55459.9500,1
LKH9,11:41:32,51750.8600,1
LKH9,11:42:25,53859.0600,1
LKH9,11:42:35,53332.0400,1
LKH9,11:43:30,53827.4400,1
LKH9,11:45:15,51188.8400,10
LKH9,11:45:24,50649.6000,2
LKH9,11:45:25,53815.2000,2
LKH9,11:45:25,53287.6000,2
LKH9,11:45:25,54870.4000,2
LKH9,11:45:26,50129.6000,1
LKH9,11:45:30,54333.5300,1
LKH9,11:45:30,52222.5000,1
LKH9,11:45:32,52229.4300,1
LKH9,11:45:36,51166.5300,1
LKH9,11:46:11,53802.9600,5
LKH9,11:46:14,53274.4700,2
LKH9,11:46:14,51162.6500,1
LKH9,11:46:16,53280.5300,1
LKH9,11:46:19,54873.5200,1
LKH9,11:46:40,53290.6300,1
LKH9,11:46:40,53298.7100,1
LKH9,11:46:40,52243.2900,1
LKH9,11:46:40,54354.1300,1
LKH9,11:47:04,50128.6500,1
LKH9,11:47:05,50656.3200,2
LKH9,11:47:35,53836.6200,1
LKH9,11:48:09,54362.3700,2
LKH9,11:48:41,51724.4000,1
LKH9,11:48:59,52797.0000,1
LKH9,11:49:15,52777.0000,1
LKH9,11:50:56,50686.0800,1
LKH9,11:50:57,52797.0000,1
LKH9,11:52:53,54411.8100,2
LKH9,11:53:31,53353.2500,1
LKH9,11:54:28,53849.8800,3
LKH9,11:54:28,50681.2800,1
LKH9,11:55:52,55459.9500,1
LKH9,11:55:52,51762.6200,1
LKH9,11:56:43,54416.9600,1
LKH9,11:57:25,53870.2800,2
LKH9,11:58:10,52301.7000,2
LKH9,11:58:10,50716.8000,6
LKH9,11:58:10,53358.3000,2
LKH9,11:59:02,54945.2800,1
LKH9,11:59:54,51758.7000,1
LKH9,11:59:54,52283.8800,5
LKH9,12:00:05,52815.0000,2
LKH9,12:00:16,52256.1600,2
LKH9,12:00:28,53312.8500,1
LKH9,12:00:49,53839.6800,1
LKH9,12:02:32,52826.0000,3
LKH9,12:03:01,54914.0800,2
LKH9,12:03:02,50161.9000,1
LKH9,12:03:02,50162.8500,12
LKH9,12:03:02,53865.1800,5
LKH9,12:03:02,53340.1200,5
LKH9,12:03:02,52814.0000,3
LKH9,12:03:02,54399.4500,5
LKH9,12:03:02,54928.6400,19
LKH9,12:04:40,55438.9500,1
LKH9,12:05:29,52281.9000,2
LKH9,12:05:40,52233.3900,1
LKH9,12:05:51,50123.9000,1
LKH9,12:06:56,51723.4200,1
LKH9,12:07:21,53805.0000,1
LKH9,12:07:21,54332.5000,1
LKH9,12:07:36,50110.6000,1
LKH9,12:07:55,52224.4800,3
LKH9,12:07:55,50631.3600,1
LKH9,12:07:55,54850.6400,1
LKH9,12:07:55,50103.0000,3
LKH9,12:07:55,50651.5200,1
LKH9,12:07:55,55384.3500,1
LKH9,12:07:55,53811.1200,1
LKH9,12:07:55,52756.0000,1
LKH9,12:07:55,55393.8000,1
LKH9,12:08:10,55387.5000,1
LKH9,12:08:18,55381.2000,2
LKH9,12:08:18,53266.3900,1
LKH9,12:08:26,52222.5000,1
LKH9,12:08:26,51167.5000,1
LKH9,12:08:27,52750.0000,7
LKH9,12:09:06,52237.3500,1
LKH9,12:11:45,53836.6200,1
LKH9,12:11:45,54892.2400,1
LKH9,12:11:52,50112.5000,1
LKH9,12:12:08,52227.4500,2
LKH9,12:12:31,54337.6500,1
LKH9,12:12:32,52239.3300,3
LKH9,12:12:50,50126.7500,1
LKH9,12:12:50,51183.9900,2
LKH9,12:12:59,51183.0200,1
LKH9,12:13:07,52749.0000,2
LKH9,12:13:10,50644.8000,3
LKH9,12:13:10,51699.9000,1
LKH9,12:13:10,52227.4500,15
LKH9,12:13:10,54865.2000,6
LKH9,12:13:46,53810.1000,1
LKH9,12:13:52,53282.5500,1
LKH9,12:13:56,55381.2000,1
LKH9,12:14:00,51172.3500,1
LKH9,12:14:00,55392.7500,1
LKH9,12:14:00,51161.6800,1
LKH9,12:14:00,52213.5900,6
LKH9,12:14:00,54323.2300,4
LKH9,12:14:01,50094.4500,1
LKH9,12:14:03,50629.4400,1
LKH9,12:14:05,55379.1000,3
LKH9,12:14:11,51675.4000,2
LKH9,12:14:11,52202.7000,2
LKH9,12:14:11,50093.5000,1
LKH9,12:14:25,55367.5500,1
LKH9,12:14:25,54311.9000,3
LKH9,12:14:25,52200.7200,1
LKH9,12:14:30,51670.5000,2
LKH9,12:14:30,55356.0000,1
LKH9,12:14:30,52715.0000,18
LKH9,12:14:30,55350.7500,82
LKH9,12:14:30,50614.0800,1
LKH9,12:14:30,55339.2000,1
LKH9,12:14:32,51141.3100,1
LKH9,12:14:39,51120.9400,3
LKH9,12:14:39,54809.0400,1
LKH9,12:14:39,52171.0200,1
LKH9,12:14:40,52689.0000,6
LKH9,12:14:40,53742.7800,1
LKH9,12:14:41,51663.6400,1
LKH9,12:14:41,54294.3900,5
LKH9,12:14:41,55351.8000,5
LKH9,12:14:41,53254.2700,1
LKH9,12:14:43,50588.1600,3
LKH9,12:14:43,51641.1000,7
LKH9,12:14:43,55335.0000,1
LKH9,12:14:43,54808.0000,1
LKH9,12:14:43,53228.0100,5
LKH9,12:14:43,52185.8700,1
LKH9,12:14:48,52187.8500,4
LKH9,12:14:48,51133.5500,4
LKH9,12:14:48,53242.1500,1
LKH9,12:14:48,53242.1500,12
LKH9,12:15:01,52209.6300,2
LKH9,12:15:01,54319.1100,1
LKH9,12:15:01,51137.4300,2
LKH9,12:15:01,53772.3600,12
LKH9,12:15:01,54822.5600,1
LKH9,12:15:01,53761.1400,2
LKH9,12:15:01,52706.0000,2
LKH9,12:15:01,55341.3000,1
LKH9,12:15:02,53786.6400,1
LKH9,12:15:03,51150.0400,4
LKH9,12:15:05,55380.1500,1
LKH9,12:15:05,54852.7200,1
LKH9,12:15:05,53271.4400,1
LKH9,12:15:05,53798.8800,1
LKH9,12:15:07,54853.7600,1
LKH9,12:15:08,54328.3800,1
LKH9,12:15:08,52218.5400,1
LKH9,12:15:23,51161.6800,1
LKH9,12:15:54,50107.7500,1
LKH9,12:15:54,54334.5600,4
LKH9,12:15:54,52752.0000,4
LKH9,12:15:54,54334.5600,4
LKH9,12:16:01,50656.3200,1
LKH9,12:16:01,54350.0100,1
LKH9,12:16:01,52245.2700,3
LKH9,12:16:02,54890.1600,3
LKH9,12:16:03,53842.7400,1
LKH9,12:16:03,54898.4800,1
LKH9,12:16:03,50673.6000,2
LKH9,12:16:03,50145.7500,4
LKH9,12:16:04,52259.1300,10
LKH9,12:16:04,50676.4800,1
LKH9,12:16:05,50667.8400,5
LKH9,12:16:11,53324.9700,4
LKH9,12:16:11,52280.9100,3
LKH9,12:16:20,53332.0400,2
LKH9,12:16:20,51747.9200,4
LKH9,12:16:22,53864.1600,1
LKH9,12:16:22,52819.0000,4
LKH9,12:16:43,50694.7200,1
LKH9,12:16:52,54416.9600,2
LKH9,12:17:00,53348.2000,1
LKH9,12:17:06,50701.4400,3
LKH9,12:17:06,53343.1500,8
LKH9,12:17:07,50704.3200,1
LKH9,12:17:21,54940.0800,1
LKH9,12:17:21,50185.6500,2
LKH9,12:17:23,53355.2700,1
LKH9,12:17:23,51245.1000,1
LKH9,12:17:23,53886.6000,5
LKH9,12:17:23,55471.5000,5
LKH9,12:17:23,54943.2000,9
LKH9,12:17:23,54943.2000,1
LKH9,12:17:40,52821.0000,1
LKH9,12:17:40,51245.1000,2
LKH9,12:17:40,51245.1000,2
LKH9,12:17:40,51773.4000,9
LKH9,12:17:40,53358.3000,1
LKH9,12:17:40,53358.3000,9
LKH9,12:17:41,54415.9300,2
LKH9,12:17:41,50717.7600,4
LKH9,12:17:44,54415.9300,4
LKH9,12:17:44,53887.6200,15
LKH9,12:17:46,52303.6800,11
LKH9,12:17:54,53875.3800,4
LKH9,12:18:40,55459.9500,1
LKH9,12:19:07,51204.3600,1
LKH9,12:19:08,55427.4000,3
LKH9,12:19:32,51212.1200,2
LKH9,12:19:35,55440.0000,12
LKH9,12:19:39,52797.0000,1
LKH9,12:19:39,52272.0000,1
LKH9,12:19:39,51216.0000,1
LKH9,12:19:40,54905.7600,1
LKH9,12:19:40,51210.1800,1
LKH9,12:19:55,51209.2100,1
LKH9,12:21:13,53331.0300,1
LKH9,12:21:13,52274.9700,1
LKH9,12:21:33,54353.1000,1
LKH9,12:22:02,51215.0300,2
LKH9,12:22:03,52272.0000,1
LKH9,12:22:07,50690.8800,2
LKH9,12:23:02,55443.1500,12
LKH9,12:23:02,50690.8800,3
LKH9,12:23:02,50162.8500,4
LKH9,12:23:10,51746.9400,1
LKH9,12:23:12,53859.0600,3
LKH9,12:23:12,54387.0900,3
LKH9,12:23:12,54390.1800,1
LKH9,12:23:27,52811.0000,1
LKH9,12:23:27,54397.3900,2
LKH9,12:23:28,52813.0000,1
LKH9,12:23:28,55454.7000,1
LKH9,12:23:28,52801.0000,1
LKH9,12:23:41,54929.6800,2
LKH9,12:23:45,51233.4600,1
LKH9,12:23:45,50177.1000,1
LKH9,12:23:55,54936.9600,1
LKH9,12:24:13,54404.6000,1
LKH9,12:24:29,53880.4800,1
LKH9,12:24:33,55478.8500,5
LKH9,12:24:33,50723.5200,2
LKH9,12:24:33,51251.8900,11
LKH9,12:24:40,54406.6600,1
LKH9,12:24:47,52292.7900,1
LKH9,12:24:48,54935.9200,3
LKH9,12:24:48,54407.6900,1
LKH9,12:24:49,54407.6900,1
LKH9,12:24:49,55464.1500,1
LKH9,12:24:49,51238.3100,1
LKH9,12:24:55,50172.3500,1
LKH9,12:24:56,50700.4800,1
LKH9,12:25:00,51228.6100,1
LKH9,12:25:00,52813.0000,2
LKH9,12:25:00,50701.4400,1
LKH9,12:25:01,51229.5800,2
LKH9,12:25:16,51216.0000,10
LKH9,12:25:20,54371.6400,5
LKH9,12:25:20,52260.1200,5
LKH9,12:25:30,53300.7300,2
LKH9,12:25:40,51727.3400,1
LKH9,12:26:47,51747.9200,3
LKH9,12:26:47,54917.2000,1
LKH9,12:26:47,52276.9500,3
LKH9,12:27:34,52815.0000,4
LKH9,12:27:34,51234.4300,2
LKH9,12:27:34,51767.5200,1
LKH9,12:27:34,54936.9600,1
LKH9,12:28:29,52291.8000,1
LKH9,12:29:09,53876.4000,1
LKH9,12:29:25,54948.4000,8
LKH9,12:29:25,52306.6500,2
LKH9,12:29:25,50193.2500,5
LKH9,12:29:29,51226.6700,1
LKH9,12:29:30,53877.4200,1
LKH9,12:29:31,51755.7600,1
LKH9,12:29:31,50170.4500,2
LKH9,12:30:27,51225.7000,9
LKH9,12:30:28,55440.0000,10
LKH9,12:30:28,55427.4000,3
LKH9,12:30:55,52242.3000,1
LKH9,12:30:57,53826.4200,1
LKH9,12:31:02,51714.6000,1
LKH9,12:31:23,52255.1700,1
LKH9,12:31:32,55420.0500,1
LKH9,12:31:36,53311.8400,1
LKH9,12:31:37,55422.1500,5
LKH9,12:31:37,54894.3200,1
LKH9,12:31:37,53310.8300,9
LKH9,12:31:37,51727.3400,9
LKH9,12:31:37,55422.1500,9
LKH9,12:31:41,55410.6000,4
LKH9,12:31:41,51695.0000,1
LKH9,12:31:42,51696.9600,4
LKH9,12:31:43,54337.6500,1
LKH9,12:31:45,50117.2500,5
LKH9,12:31:45,54338.6800,1
LKH9,12:31:45,53810.1000,5
LKH9,12:31:45,55393.8000,1
LKH9,12:31:45,50644.8000,5
LKH9,12:31:45,51173.3200,3
LKH9,12:31:45,52229.4300,1
LKH9,12:31:45,51173.3200,3
LKH9,12:31:45,55394.8500,6
LKH9,12:31:49,55367.5500,1
LKH9,12:31:50,53807.0400,5
LKH9,12:31:50,52752.0000,4
LKH9,12:31:50,54335.5900,1
LKH9,12:31:50,52755.0000,5
LKH9,12:31:50,50117.2500,1
LKH9,12:31:50,54338.6800,2
LKH9,12:31:54,53794.8000,1
LKH9,12:32:01,52763.0000,3
LKH9,12:32:07,51180.1100,2
LKH9,12:32:22,52752.0000,1
LKH9,12:32:54,52772.0000,4
LKH9,12:33:27,50678.4000,1
LKH9,12:33:32,54373.7000,1
LKH9,12:33:35,53845.8000,1
LKH9,12:33:46,53328.0000,1
LKH9,12:33:51,54384.0000,3
LKH9,12:34:27,52264.0800,1
LKH9,12:34:28,52262.1000,1
LKH9,12:34:32,50150.5000,1
LKH9,12:34:39,52262.1000,2
LKH9,12:34:42,50150.5000,2
LKH9,12:34:42,55429.5000,6
LKH9,12:34:42,52262.1000,6
LKH9,12:34:42,52262.1000,6
LKH9,12:34:42,53315.8800,5
LKH9,12:35:00,50688.0000,2
LKH9,12:35:11,52255.1700,2
LKH9,12:35:31,54930.7200,2
LKH9,12:35:31,53348.2000,4
LKH9,12:35:31,50707.2000,1
LKH9,12:35:31,52821.0000,1
LKH9,12:35:31,50179.9500,1
LKH9,12:35:31,55463.1000,10
LKH9,12:35:31,52294.7700,4
LKH9,12:35:38,51238.3100,1
LKH9,12:35:41,55464.1500,1
LKH9,12:35:59,53359.3100,1
LKH9,12:36:05,51239.2800,1
LKH9,12:36:05,54414.9000,1
LKH9,12:36:10,50712.0000,1
LKH9,12:36:20,51256.7400,1
LKH9,12:36:21,51255.7700,1
LKH9,12:36:21,54955.6800,1
LKH9,12:36:21,52314.5700,6
LKH9,12:36:21,50202.7500,5
LKH9,12:36:21,53904.9600,5
LKH9,12:36:21,52320.5100,2
LKH9,12:36:22,52836.0000,1
LKH9,12:36:22,53907.0000,1
LKH9,12:36:22,51793.0000,1
LKH9,12:36:23,50722.5600,1
LKH9,12:36:23,54421.0800,2
LKH9,12:37:05,54953.6000,1
LKH9,12:37:08,53891.7000,1
LKH9,12:37:08,54948.4000,4
LKH9,12:37:08,51249.9500,2
LKH9,12:37:11,52306.6500,1
LKH9,12:37:21,52841.0000,1
LKH9,12:37:21,50728.3200,1
LKH9,12:37:22,50726.4000,1
LKH9,12:37:25,53368.4000,1
LKH9,12:37:41,55487.2500,1
LKH9,12:38:01,53901.9000,1
LKH9,12:38:01,51788.1000,1
LKH9,12:38:19,52318.5300,1
LKH9,12:38:20,50204.6500,1
LKH9,12:38:20,54433.4400,2
LKH9,12:38:20,50736.0000,1
LKH9,12:38:20,53376.4800,2
LKH9,12:38:20,53908.0200,3
LKH9,12:38:20,51262.5600,2
LKH9,12:38:20,54965.0400,1
LKH9,12:38:20,54965.0400,1
LKH9,12:38:20,55493.5500,2
LKH9,12:38:20,55493.5500,4
LKH9,12:38:20,53904.9600,1
LKH9,12:38:20,53376.4800,1
LKH9,12:38:20,55493.5500,2
LKH9,12:38:20,50736.9600,1
LKH9,12:38:20,52319.5200,2
LKH9,12:38:41,53897.8200,1
LKH9,12:38:50,52308.6300,2
LKH9,12:38:50,51779.2800,10
LKH9,12:39:05,51265.4700,1
LKH9,12:39:05,50736.9600,1
LKH9,12:39:12,50739.8400,1
LKH9,12:39:12,54439.6200,1
LKH9,12:39:12,51274.2000,64
LKH9,12:39:12,54445.8000,1
LKH9,12:39:29,52843.0000,1
LKH9,12:39:46,52314.5700,1
LKH9,12:39:51,54445.8000,1
LKH9,12:39:55,53917.2000,10
LKH9,12:39:55,54974.4000,1
LKH9,12:39:55,52331.4000,1
LKH9,12:39:55,51274.2000,1
LKH9,12:39:58,53388.6000,1
LKH9,12:40:00,51274.2000,1
LKH9,12:40:30,50735.0400,9
LKH9,12:40:30,54434.4700,9
LKH9,12:40:30,54960.8800,1
LKH9,12:40:30,52847.0000,1
LKH9,12:40:30,50729.2800,9
LKH9,12:40:30,53371.4300,1
LKH9,12:40:30,50733.1200,1
LKH9,12:40:30,55485.1500,8
LKH9,12:40:44,54424.1700,1
LKH9,12:40:57,50205.6000,2
LKH9,12:42:23,52822.0000,3
LKH9,12:42:23,55463.1000,2
LKH9,12:43:03,53902.9200,2
LKH9,12:43:24,53374.4600,1
LKH9,12:43:24,52317.5400,1
LKH9,12:43:24,55488.3000,18
LKH9,12:43:51,52327.4400,1
LKH9,12:44:22,54433.4400,2
LKH9,12:45:13,52846.0000,3
LKH9,12:45:13,53374.4600,6
LKH9,12:45:13,53902.9200,5
LKH9,12:45:13,51260.6200,6
LKH9,12:45:13,50202.7500,9
LKH9,12:45:13,54430.3500,9
LKH9,12:45:13,53373.4500,9
LKH9,12:45:13,55487.2500,9
LKH9,12:45:13,53370.4200,6
LKH9,12:45:13,54427.2600,6
LKH9,12:45:13,51248.0100,12
LKH9,12:45:31,50167.6000,1
LKH9,12:45:32,52279.9200,1
LKH9,12:45:43,54394.3000,1
LKH9,12:45:43,55449.4500,1
LKH9,12:45:43,50695.6800,6
LKH9,12:45:44,52272.0000,1
LKH9,12:46:09,51744.0000,1
LKH9,12:46:19,54893.2800,2
LKH9,12:46:19,53836.6200,1
LKH9,12:46:19,55419.0000,1
LKH9,12:46:30,51209.2100,1
LKH9,12:46:30,52793.0000,1
LKH9,12:46:33,52793.0000,1
LKH9,12:46:37,54376.7900,1
LKH9,12:46:41,55450.5000,1
LKH9,12:46:41,53339.1100,1
LKH9,12:46:43,50165.7000,1
LKH9,12:46:43,54390.1800,1
LKH9,12:46:43,51221.8200,1
LKH9,12:47:26,52276.9500,2
LKH9,12:47:52,50692.8000,4
LKH9,12:48:30,53351.2300,2
LKH9,12:49:00,51234.4300,3
LKH9,12:49:03,53349.2100,1
LKH9,12:49:03,50178.0500,9
LKH9,12:49:03,53875.3800,9
LKH9,12:49:03,55459.9500,9
LKH9,12:49:03,50178.0500,9
LKH9,12:49:03,53875.3800,6
LKH9,12:49:03,55459.9500,6
LKH9,12:49:03,51234.4300,9
LKH9,12:49:03,50706.2400,9
LKH9,12:49:03,52290.8100,9
LKH9,12:49:03,51234.4300,6
LKH9,12:49:03,53870.2800,9
LKH9,12:49:03,50173.3000,9
LKH9,12:49:03,55454.7000,9
LKH9,12:49:03,50173.3000,9
LKH9,12:49:03,51757.7200,9
LKH9,12:49:47,52789.0000,6
LKH9,12:49:47,54900.5600,6
LKH9,12:49:47,51205.3300,6
LKH9,12:49:47,55428.4500,6
LKH9,12:49:47,52789.0000,4
LKH9,12:49:47,52789.0000,2
LKH9,12:49:48,54372.6700,6
LKH9,12:49:48,50149.5500,6
LKH9,12:49:48,53844.7800,6
LKH9,12:49:48,54900.5600,6
LKH9,12:49:48,52789.0000,2
LKH9,12:49:48,55428.4500,4
LKH9,12:49:48,50677.4400,6
LKH9,12:49:48,54371.6400,9
LKH9,12:50:02,50132.4500,1
LKH9,12:50:02,54873.5200,1
LKH9,12:50:02,53290.6300,3
LKH9,12:50:02,55401.1500,1
LKH9,12:50:02,51180.1100,2
LKH9,12:50:03,50122.9500,1
LKH9,12:50:03,54346.9200,1
LKH9,12:50:03,53278.5100,1
LKH9,12:50:03,55387.5000,1
LKH9,12:50:03,53795.8200,8
LKH9,12:50:07,54344.8600,1
LKH9,12:50:07,51707.7400,1
LKH9,12:50:16,54339.7100,1
LKH9,12:50:18,50631.3600,4
LKH9,12:50:18,53795.8200,1
LKH9,12:50:32,54330.4400,1
LKH9,12:50:32,52747.0000,12
LKH9,12:50:32,52216.5600,3
LKH9,12:50:32,51152.9500,3
LKH9,12:50:32,51679.3200,5
LKH9,12:50:32,51676.3800,1
LKH9,12:50:32,54312.9300,5
LKH9,12:50:32,51147.1300,9
LKH9,12:50:40,54347.9500,1
LKH9,12:50:50,50115.3500,1
LKH9,12:50:58,52237.3500,1
LKH9,12:51:00,54355.1600,1
LKH9,12:51:00,54360.3100,3
LKH9,12:51:00,51716.5600,1
LKH9,12:51:16,55401.1500,1
LKH9,12:51:26,55392.7500,1
LKH9,12:51:27,51696.9600,1
LKH9,12:51:27,54860.0000,4
LKH9,12:51:27,54332.5000,5
LKH9,12:51:28,50103.9500,1
LKH9,12:51:50,55378.0500,1
LKH9,12:51:50,50632.3200,1
LKH9,12:51:55,54851.6800,1
LKH9,12:52:04,53786.6400,2
LKH9,12:52:04,53787.6600,2
LKH9,12:52:04,54314.9900,2
LKH9,12:52:04,53787.6600,2
LKH9,12:52:14,50104.9000,1
LKH9,12:52:22,54318.0800,2
LKH9,12:52:26,50096.3500,1
LKH9,12:52:26,50096.3500,2
LKH9,12:52:39,50104.9000,2
LKH9,12:53:06,53270.4300,2
LKH9,12:53:06,53797.8600,2
LKH9,12:53:34,50642.8800,6
LKH9,12:53:34,51697.9400,6
LKH9,12:53:34,55390.6500,6
LKH9,12:53:34,52753.0000,6
LKH9,12:53:34,50644.8000,4
LKH9,12:53:34,51699.9000,6
LKH9,12:53:34,53812.1400,4
LKH9,12:53:34,52757.0000,6
LKH9,12:53:34,54339.7100,6
LKH9,12:53:34,53812.1400,6
LKH9,12:53:34,50120.1000,1
LKH9,12:53:34,53285.5800,1
LKH9,12:53:34,53285.5800,1
LKH9,12:53:34,55395.9000,3
LKH9,12:53:34,51702.8400,2
LKH9,12:53:34,50106.8000,1
LKH9,12:54:01,54345.8900,2
LKH9,12:57:07,50625.6000,1
LKH9,12:57:07,52205.6700,4
LKH9,12:57:07,51151.0100,9
LKH9,12:57:07,52733.0000,9
LKH9,12:57:07,52205.6700,9
LKH9,12:57:07,55369.6500,9
LKH9,12:57:16,53784.6000,1
LKH9,12:58:45,52225.4700,1
LKH9,12:59:02,52722.0000,1
LKH9,12:59:02,51666.5800,1
LKH9,12:59:02,52719.0000,6
LKH9,12:59:02,51135.4900,6
LKH9,12:59:02,51662.6600,1
LKH9,12:59:02,53244.1700,5
LKH9,12:59:02,50608.3200,6
LKH9,12:59:03,53758.0800,3
LKH9,12:59:03,54285.1200,2
LKH9,12:59:03,51648.9400,1
LKH9,12:59:03,51656.7800,12
LKH9,12:59:03,50594.8800,3
LKH9,12:59:03,53763.1800,3
LKH9,12:59:04,50614.0800,1
LKH9,12:59:21,54820.4800,1
LKH9,12:59:21,54292.3300,1
LKH9,12:59:22,52185.8700,1
LKH9,12:59:26,52692.0000,2
LKH9,12:59:27,54799.6800,10
LKH9,12:59:27,53744.8200,2
LKH9,12:59:27,51636.2000,3
LKH9,12:59:27,55322.4000,2
LKH9,12:59:27,55317.1500,3
LKH9,12:59:31,51645.0200,3
LKH9,12:59:31,53751.9600,1
LKH9,12:59:31,53224.9800,1
LKH9,12:59:31,50063.1000,1
LKH9,12:59:33,53751.9600,2
LKH9,12:59:33,53224.9800,2
LKH9,12:59:33,53224.9800,1
LKH9,12:59:33,50590.0800,1
LKH9,12:59:54,54792.4000,1
LKH9,12:59:55,53211.8500,1
LKH9,12:59:55,51631.3000,2
LKH9,12:59:55,53211.8500,1
LKH9,12:59:55,53211.8500,1
LKH9,12:59:55,50577.6000,1
LKH9,12:59:55,50047.9000,1
LKH9,12:59:55,53733.6000,1
LKH9,12:59:55,52676.0000,1
LKH9,12:59:55,55299.3000,1
LKH9,12:59:56,53728.5000,2
LKH9,12:59:56,52136.3700,2
LKH9,12:59:56,51608.7600,2
LKH9,12:59:56,52131.4200,6
LKH9,12:59:56,51074.3800,1
LKH9,13:00:21,53727.4800,1
LKH9,13:00:34,52178.9400,1
LKH9,13:00:34,52178.9400,1
LKH9,13:00:35,55348.6500,1
LKH9,13:00:51,51131.6100,1
LKH9,13:01:13,51646.0000,14
LKH9,13:01:13,55335.0000,11
LKH9,13:01:54,52167.0600,10
LKH9,13:02:12,55330.8000,1
LKH9,13:02:24,51643.0600,1
LKH9,13:03:00,50063.1000,1
LKH9,13:03:18,52686.0000,1
LKH9,13:03:21,52158.1500,1
LKH9,13:03:25,50056.4500,1
LKH9,13:03:29,54810.0800,1
LKH9,13:03:55,50067.8500,4
LKH9,13:03:55,52190.8200,1
LKH9,13:03:55,53772.3600,1
LKH9,13:04:09,53749.9200,2
LKH9,13:04:13,53234.0700,4
LKH9,13:04:32,52712.0000,1
LKH9,13:04:59,54816.3200,1
LKH9,13:05:24,53770.3200,1
LKH9,13:05:29,52188.8400,1
LKH9,13:06:11,50613.1200,1
LKH9,13:06:14,50085.9000,2
LKH9,13:06:14,52722.0000,1
LKH9,13:07:10,51133.5500,1
LKH9,13:07:32,52161.1200,1
LKH9,13:07:32,51627.3800,1
LKH9,13:07:32,50569.9200,1
LKH9,13:07:32,54784.0800,1
LKH9,13:07:32,52123.5000,3
LKH9,13:07:32,51594.0600,5
LKH9,13:07:33,52124.4900,1
LKH9,13:07:33,51608.7600,1
LKH9,13:07:33,52661.0000,1
LKH9,13:07:33,52650.0000,1
LKH9,13:07:36,54778.8800,2
LKH9,13:07:36,54779.9200,1
LKH9,13:07:45,54231.5600,1
LKH9,13:07:47,50028.9000,1
LKH9,13:07:49,52124.4900,1
LKH9,13:07:54,53173.4700,1
LKH9,13:07:54,53687.7000,4
LKH9,13:08:04,53692.8000,1
LKH9,13:08:26,51594.0600,2
LKH9,13:08:26,53699.9400,2
LKH9,13:08:26,51067.5900,2
LKH9,13:08:30,52647.0000,1
LKH9,13:08:39,52116.5700,1
LKH9,13:08:42,53703.0000,1
LKH9,13:08:43,50544.0000,1
LKH9,13:08:48,54756.0000,3
LKH9,13:08:49,50544.0000,6
LKH9,13:08:49,55282.5000,2
LKH9,13:08:49,50017.5000,4
LKH9,13:08:49,51599.9400,4
LKH9,13:08:49,55285.6500,6
LKH9,13:08:49,52653.0000,6
LKH9,13:08:55,54232.5900,1
LKH9,13:08:59,52116.5700,3
LKH9,13:09:20,50008.0000,1
LKH9,13:09:20,52640.0000,1
LKH9,13:09:20,50006.1000,1
LKH9,13:09:57,52640.0000,20
LKH9,13:11:03,52653.0000,2
LKH9,13:11:03,54232.5900,2
LKH9,13:11:03,53179.5300,2
LKH9,13:11:03,50546.8800,2
LKH9,13:11:03,53706.0600,2
LKH9,13:11:05,51602.8800,1
LKH9,13:11:09,50027.9500,1
LKH9,13:11:09,51086.9900,1
LKH9,13:11:47,52123.5000,1
LKH9,13:11:48,50026.0500,1
LKH9,13:14:52,53719.3200,1
LKH9,13:14:57,50558.4000,1
LKH9,13:15:12,55298.2500,1
LKH9,13:15:13,51601.9000,1
LKH9,13:15:30,53694.8400,1
LKH9,13:15:30,52623.0000,2
LKH9,13:15:30,53671.3800,1
LKH9,13:15:40,51567.6000,1
LKH9,13:15:47,55240.5000,2
LKH9,13:15:47,53136.1000,3
LKH9,13:15:49,51552.9000,2
LKH9,13:15:49,53126.0000,3
LKH9,13:15:50,54178.0000,1
LKH9,13:15:53,53126.0000,1
LKH9,13:15:53,53118.9300,4
LKH9,13:16:49,49993.7500,1
LKH9,13:16:49,53677.5000,1
LKH9,13:17:12,50537.2800,1
LKH9,13:17:39,50018.4500,6
LKH9,13:17:39,55283.5500,1
LKH9,13:17:39,53704.0200,5
LKH9,13:17:39,53177.5100,6
LKH9,13:17:39,52124.4900,6
LKH9,13:17:39,53182.5600,6
LKH9,13:17:39,54235.6800,6
LKH9,13:17:39,51602.8800,6
LKH9,13:17:39,55288.8000,6
LKH9,13:17:42,52634.0000,1
LKH9,13:17:42,54738.3200,1
LKH9,13:17:42,52100.7300,3
LKH9,13:18:05,51601.9000,1
LKH9,13:18:05,50018.4500,1
LKH9,13:18:05,52628.0000,6
LKH9,13:18:05,51020.0600,6
LKH9,13:18:15,53650.9800,2
LKH9,13:18:15,52597.0000,1
LKH9,13:18:20,55223.7000,1
LKH9,13:19:08,49960.5000,1
LKH9,13:19:08,52590.0000,1
LKH9,13:19:25,52597.0000,2
LKH9,13:19:30,53117.9200,1
LKH9,13:19:34,55221.6000,1
LKH9,13:19:34,51013.2700,2
LKH9,13:19:43,52045.2900,1
LKH9,13:19:43,51518.6000,2
LKH9,13:19:43,53095.7000,3
LKH9,13:19:43,50992.9000,19
LKH9,13:19:43,53095.7000,3
LKH9,13:19:43,53095.7000,2
LKH9,13:19:43,50467.2000,2
LKH9,13:19:43,52044.3000,19
LKH9,13:19:43,53095.7000,2
LKH9,13:19:43,50992.9000,2
LKH9,13:19:43,54147.1000,12
LKH9,13:19:43,54147.1000,2
LKH9,13:19:43,49941.5000,1
LKH9,13:19:43,52570.0000,2
LKH9,13:19:43,52044.3000,2
LKH9,13:19:43,53095.7000,1
LKH9,13:19:43,53621.4000,13
LKH9,13:19:43,52044.3000,3
LKH9,13:19:43,51518.6000,10
LKH9,13:19:43,54663.4400,1
LKH9,13:19:43,50454.7200,5
LKH9,13:19:43,54131.6500,1
LKH9,13:19:43,52551.0000,1
LKH9,13:19:44,50435.5200,1
LKH9,13:19:44,54112.0800,1
LKH9,13:19:44,53061.3600,2
LKH9,13:19:44,54112.0800,1
LKH9,13:19:44,52031.4300,1
LKH9,13:19:45,50960.8900,1
LKH9,13:19:46,52026.4800,1
LKH9,13:19:47,53065.4000,1
LKH9,13:21:05,50448.0000,1
LKH9,13:21:21,51516.6400,1
LKH9,13:21:21,51517.6200,6
LKH9,13:21:21,54151.2200,6
LKH9,13:21:21,54676.9600,6
LKH9,13:21:42,51007.4500,5
LKH9,13:21:42,49955.7500,1
LKH9,13:21:42,51006.4800,1
LKH9,13:22:08,49956.7000,1
LKH9,13:22:15,52060.1400,1
LKH9,13:22:17,51007.4500,2
LKH9,13:22:43,55227.9000,12
LKH9,13:22:58,53126.0000,2
LKH9,13:23:07,51024.9100,1
LKH9,13:24:20,50498.8800,1
LKH9,13:24:20,49970.0000,3
LKH9,13:24:20,51536.2400,1
LKH9,13:24:33,50981.2600,2
LKH9,13:24:40,51524.4800,1
LKH9,13:25:45,49959.5500,1
LKH9,13:26:17,53107.8200,1
LKH9,13:26:42,51004.5400,1
LKH9,13:27:52,53130.0400,1
LKH9,13:28:06,51548.0000,1
LKH9,13:29:07,54674.8800,1
LKH9,13:29:18,50470.0800,1
LKH9,13:30:21,53107.8200,1
LKH9,13:30:58,51012.3000,1
LKH9,13:31:30,52572.0000,1
LKH9,13:31:38,54137.8300,1
LKH9,13:31:38,49932.9500,3
LKH9,13:31:45,50450.8800,3
LKH9,13:31:45,55180.6500,1
LKH9,13:32:12,49945.3000,2
LKH9,13:32:12,50996.7800,3
LKH9,13:32:17,53614.2600,4
LKH9,13:33:15,54148.1300,1
LKH9,13:33:41,54155.3400,1
LKH9,13:33:57,49949.1000,1
LKH9,13:34:14,50487.3600,1
LKH9,13:34:21,49971.9000,2
LKH9,13:34:44,53115.9000,1
LKH9,13:34:51,53114.8900,1
LKH9,13:34:51,49956.7000,3
LKH9,13:35:37,55222.6500,2
LKH9,13:35:37,53118.9300,1
LKH9,13:36:23,51541.1400,1
LKH9,13:36:39,54156.3700,1
LKH9,13:36:39,50472.0000,1
LKH9,13:36:39,53095.7000,1
LKH9,13:36:39,50462.4000,1
LKH9,13:36:39,51509.7800,3
LKH9,13:37:14,51516.6400,1
LKH9,13:37:33,52569.0000,1
LKH9,13:38:09,50990.9600,1
LKH9,13:38:11,49941.5000,2
LKH9,13:38:45,50454.7200,1
LKH9,13:39:02,54660.3200,1
LKH9,13:39:05,54134.7400,1
LKH9,13:39:16,53610.1800,2
LKH9,13:39:56,54682.1600,4
LKH9,13:39:56,55213.2000,6
LKH9,13:39:56,53635.6800,6
LKH9,13:40:00,54161.5200,3
LKH9,13:40:49,52578.0000,1
LKH9,13:43:09,49959.5500,2
LKH9,13:43:09,52063.1100,2
LKH9,13:43:09,53114.8900,2
LKH9,13:43:18,54691.5200,1
LKH9,13:43:18,53649.9600,1
LKH9,13:43:18,51022.0000,1
LKH9,13:43:41,54159.4600,10
LKH9,13:43:47,53118.9300,1
LKH9,13:44:51,49964.3000,2
LKH9,13:44:53,49963.3500,2
LKH9,13:45:00,54701.9200,3
LKH9,13:45:21,52593.0000,1
LKH9,13:45:21,49963.3500,1
LKH9,13:45:21,53116.9100,1
LKH9,13:45:21,51538.2000,1
LKH9,13:45:26,54693.6000,1
LKH9,13:45:30,50484.4800,2
LKH9,13:45:30,55217.4000,1
LKH9,13:45:30,49958.6000,16
LKH9,13:45:30,51010.3600,1
LKH9,13:45:31,52062.1200,17
LKH9,13:45:31,52062.1200,13
LKH9,13:45:31,55215.3000,3
LKH9,13:45:31,51532.3200,2
LKH9,13:45:31,54161.5200,2
LKH9,13:45:31,54162.5500,2
LKH9,13:45:46,53646.9000,2
LKH9,13:46:24,54156.3700,1
LKH9,13:46:24,52059.1500,2
LKH9,13:46:24,51533.3000,2
LKH9,13:46:24,53110.8500,1
LKH9,13:46:24,54162.5500,1
LKH9,13:46:55,51528.4000,2
LKH9,13:46:55,53630.5800,19
LKH9,13:46:55,55184.8500,3
LKH9,13:46:55,52031.4300,3
LKH9,13:46:55,53082.5700,10
LKH9,13:47:55,52560.0000,1
LKH9,13:48:14,52035.3900,1
LKH9,13:48:14,54661.3600,1
LKH9,13:48:15,54650.9600,2
LKH9,13:48:15,54650.9600,2
LKH9,13:48:15,52023.5100,2
LKH9,13:48:15,53074.4900,2
LKH9,13:48:15,53074.4900,2
LKH9,13:48:18,51505.8600,1
LKH9,13:48:24,54126.5000,2
LKH9,13:48:24,55174.3500,1
LKH9,13:48:40,53594.8800,2
LKH9,13:48:40,54120.3200,1
LKH9,13:48:40,55173.3000,2
LKH9,13:48:40,50450.8800,1
LKH9,13:49:59,52552.0000,2
LKH9,13:50:16,50987.0800,3
LKH9,13:50:17,55180.6500,1
LKH9,13:50:42,54655.1200,1
LKH9,13:51:21,52053.2100,1
LKH9,13:51:21,51527.4200,2
LKH9,13:51:21,53104.7900,1
LKH9,13:51:43,55205.8500,1
LKH9,13:51:51,54139.8900,1
LKH9,13:52:15,53603.0400,5
LKH9,13:52:27,54117.2300,6
LKH9,13:52:40,51486.2600,3
LKH9,13:52:40,52535.0000,1
LKH9,13:52:40,52535.0000,1
LKH9,13:52:51,53073.4800,5
LKH9,13:53:25,53605.0800,2
LKH9,13:53:33,54662.4000,1
LKH9,13:53:34,54140.9200,1
LKH9,13:53:34,53094.6900,2
LKH9,13:53:56,54152.2500,1
LKH9,13:53:56,53100.7500,1
LKH9,13:54:56,53075.5000,15
LKH9,13:54:56,55163.8500,1
LKH9,13:54:56,52537.0000,1
LKH9,13:54:56,55163.8500,1
LKH9,13:55:02,54638.4800,3
LKH9,13:56:24,54618.7200,1
LKH9,13:56:25,53568.3600,1
LKH9,13:56:25,51467.6400,1
LKH9,13:56:58,50943.4300,2
LKH9,13:56:58,53569.3800,1
LKH9,13:56:58,54094.5700,1
LKH9,13:56:58,53569.3800,1
LKH9,13:56:58,54094.5700,14
LKH9,13:57:16,50417.2800,1
LKH9,13:57:16,49892.1000,1
LKH9,13:57:19,55156.5000,1
LKH9,13:57:35,49903.5000,28
LKH9,13:58:20,50428.8000,1
LKH9,13:58:20,53566.3200,1
LKH9,13:58:58,54095.6000,1
LKH9,13:59:21,51480.3800,1
LKH9,13:59:56,53061.3600,1
LKH9,14:05:01,55154.4000,1
LKH9,14:05:01,53053.2800,2
LKH9,14:05:04,54616.6400,1
LKH9,14:05:04,54089.4200,1
LKH9,14:05:04,54611.4400,1
LKH9,14:05:20,50934.7000,3
LKH9,14:05:20,54606.2400,3
LKH9,14:05:20,50399.0400,12
LKH9,14:05:20,49874.0500,82
LKH9,14:05:21,51964.1100,1
LKH9,14:05:21,55113.4500,2
LKH9,14:05:21,51964.1100,9
LKH9,14:05:21,54062.6400,3
LKH9,14:05:21,50385.6000,40
LKH9,14:05:22,52498.0000,1
LKH9,14:05:23,53555.1000,1
LKH9,14:05:23,53031.0600,1
LKH9,14:05:25,49880.7000,2
LKH9,14:05:38,50931.7900,2
LKH9,14:05:41,53548.9800,12
LKH9,14:05:41,55123.9500,11
LKH9,14:05:41,53023.9900,28
LKH9,14:05:41,50924.0300,49
LKH9,14:05:52,50404.8000,1
LKH9,14:05:55,50404.8000,3
LKH9,14:05:56,50409.6000,1
LKH9,14:06:00,52499.0000,3
LKH9,14:07:02,52501.0000,1
LKH9,14:07:02,54076.0300,18
LKH9,14:07:04,50407.6800,3
LKH9,14:07:53,55140.7500,12
LKH9,14:08:13,55127.1000,12
LKH9,14:08:13,55127.1000,7
LKH9,14:08:51,49875.0000,5
LKH9,14:08:51,53014.9000,1
LKH9,14:08:51,50915.3000,1
LKH9,14:08:51,54589.6000,1
LKH9,14:08:51,51960.1500,1
LKH9,14:08:51,52485.0000,1
LKH9,14:08:51,54059.5500,1
LKH9,14:08:51,52481.0000,3
LKH9,14:08:52,49855.0500,2
LKH9,14:08:52,55128.1500,1
LKH9,14:09:07,51428.4400,1
LKH9,14:09:07,53002.7800,11
LKH9,14:09:07,55101.9000,7
LKH9,14:09:19,54053.3700,2
LKH9,14:09:25,52491.0000,1
LKH9,14:09:50,54589.6000,2
LKH9,14:09:58,54064.7000,1
LKH9,14:10:13,55114.5000,1
LKH9,14:10:35,53529.6000,1
LKH9,14:10:35,50380.8000,1
LKH9,14:10:35,52480.0000,17
LKH9,14:11:28,54580.2400,1
LKH9,14:11:28,52481.0000,1
LKH9,14:11:41,50916.2700,19
LKH9,14:11:41,54078.0900,1
LKH9,14:11:41,53553.0600,1
LKH9,14:11:41,51457.8400,3
LKH9,14:11:42,50402.8800,1
LKH9,14:12:07,51452.9400,5
LKH9,14:12:43,54090.4500,1
LKH9,14:12:45,52515.0000,1
LKH9,14:12:45,55141.8000,9
LKH9,14:12:45,51463.7200,1
LKH9,14:12:51,49894.0000,1
LKH9,14:13:48,51998.7600,1
LKH9,14:14:10,54105.9000,1
LKH9,14:15:33,53576.5200,7
LKH9,14:15:33,49897.8000,5
LKH9,14:15:33,53046.2100,2
LKH9,14:15:33,55140.7500,1
LKH9,14:15:33,50932.7600,1
LKH9,14:15:34,51975.0000,2
LKH9,14:15:40,50925.9700,1
LKH9,14:15:40,51459.8000,1
LKH9,14:15:40,50410.5600,2
LKH9,14:16:37,53022.9800,3
LKH9,14:16:50,53037.1200,1
LKH9,14:18:11,52489.0000,1
LKH9,14:18:19,53028.0300,1
LKH9,14:20:56,54051.3100,1
LKH9,14:20:56,50903.6600,1
LKH9,14:20:57,51950.2500,4
LKH9,14:20:57,51942.3300,5
LKH9,14:20:57,55090.3500,6
LKH9,14:20:57,55089.3000,1
LKH9,14:23:28,55090.3500,1
LKH9,14:23:44,55113.4500,1
LKH9,14:23:44,51439.2200,1
LKH9,14:23:44,54588.5600,1
LKH9,14:26:07,51965.1000,1
LKH9,14:26:07,52491.0000,1
LKH9,14:26:07,53541.8400,2
LKH9,14:26:22,54587.5200,1
LKH9,14:26:22,50914.3300,1
LKH9,14:26:22,53013.8900,1
LKH9,14:27:29,50901.7200,5
LKH9,14:27:31,55131.3000,1
LKH9,14:27:31,51981.9300,4
LKH9,14:27:32,51456.8600,1
LKH9,14:27:36,49882.6000,1
LKH9,14:28:32,54595.8400,3
LKH9,14:28:32,50396.1600,1
LKH9,14:28:32,49871.2000,1
LKH9,14:28:35,54591.6800,1
LKH9,14:28:40,53015.9100,5
LKH9,14:28:53,54049.2500,1
LKH9,14:28:57,52475.0000,1
LKH9,14:30:37,50399.0400,1
LKH9,14:30:37,55113.4500,1
LKH9,14:30:37,51450.0000,2
LKH9,14:30:38,52504.0000,2
LKH9,14:30:38,51978.9600,2
LKH9,14:30:39,49880.7000,2
LKH9,14:31:32,50391.3600,1
LKH9,14:31:32,49866.4500,1
LKH9,14:31:33,50404.8000,1
LKH9,14:31:33,51979.9500,1
LKH9,14:31:36,55134.4500,1
LKH9,14:31:36,51459.8000,1
LKH9,14:31:51,55153.3500,1
LKH9,14:31:51,53052.2700,1
LKH9,14:32:40,53590.8000,1
LKH9,14:32:41,54120.3200,1
LKH9,14:32:45,53593.8600,1
LKH9,14:32:46,53066.4100,2
LKH9,14:32:53,51479.4000,1
LKH9,14:33:48,50976.4100,1
LKH9,14:33:48,49926.3000,1
LKH9,14:34:03,54120.3200,1
LKH9,14:34:03,51480.3800,1
LKH9,14:35:18,52530.0000,1
LKH9,14:36:28,54659.2800,1
LKH9,14:36:28,54660.3200,3
LKH9,14:36:51,52020.5400,1
LKH9,14:37:03,54125.4700,1
LKH9,14:37:16,51503.9000,1
LKH9,14:37:16,52557.0000,1
LKH9,14:37:29,54669.6800,1
LKH9,14:37:29,50465.2800,3
LKH9,14:38:15,54674.8800,1
LKH9,14:38:15,52054.2000,1
LKH9,14:38:17,53609.1600,1
LKH9,14:38:17,54660.3200,2
LKH9,14:39:26,54156.3700,1
LKH9,14:39:32,55209.0000,1
LKH9,14:40:29,51020.0600,1
LKH9,14:40:29,53124.9900,1
LKH9,14:40:29,52599.0000,1
LKH9,14:40:37,52072.0200,1
LKH9,14:40:37,52074.0000,1
LKH9,14:40:37,52074.0000,2
LKH9,14:41:45,50497.9200,1
LKH9,14:41:51,53124.9900,1
LKH9,14:42:52,53655.0600,1
LKH9,14:42:55,49969.0500,1
LKH9,14:43:23,52592.0000,1
LKH9,14:43:37,54702.9600,1
LKH9,14:43:49,54188.3000,1
LKH9,14:44:00,51010.3600,4
LKH9,14:44:00,54691.5200,4
LKH9,14:44:00,55217.4000,19
LKH9,14:44:24,51545.0600,4
LKH9,14:44:24,49967.1500,4
LKH9,14:44:51,53126.0000,1
LKH9,14:45:15,51018.1200,1
LKH9,14:49:57,52086.8700,6
LKH9,14:49:57,53138.1200,1
LKH9,14:51:05,51069.5300,1
LKH9,14:51:05,54229.5000,1
LKH9,14:51:17,50016.5500,1
LKH9,14:51:49,53707.0800,1
LKH9,14:51:49,54761.2000,1
LKH9,14:52:31,54751.8400,1
LKH9,14:53:15,51094.7500,1
LKH9,14:53:15,53202.7600,1
LKH9,14:53:25,52668.0000,1
LKH9,14:53:26,54226.4100,1
LKH9,14:53:26,51066.6200,6
LKH9,14:57:18,55265.7000,1
LKH9,14:57:33,53148.2200,1
LKH9,14:57:39,52096.7700,1
LKH9,14:57:45,55261.5000,1
LKH9,14:57:50,51573.4800,7
LKH9,14:57:51,53677.5000,7
LKH9,14:57:51,51572.5000,3
LKH9,14:58:11,55266.7500,1
LKH9,14:58:15,53686.6800,1
LKH9,14:58:23,51054.0100,1
LKH9,14:58:49,50527.6800,24
LKH9,14:59:15,50001.3500,1
LKH9,15:01:08,52605.0000,1
LKH9,15:01:08,49973.8000,1
LKH9,15:01:10,51542.1200,4
LKH9,15:01:10,53105.8000,6
LKH9,15:01:10,54668.6400,1
LKH9,15:01:13,53075.5000,2
LKH9,15:01:13,53588.7600,4
LKH9,15:01:13,50436.4800,4
LKH9,15:01:13,49911.1000,4
LKH9,15:01:13,49924.4000,1
LKH9,15:01:14,51489.2000,4
LKH9,15:01:15,52539.0000,1
LKH9,15:01:15,53603.0400,1
LKH9,15:01:15,54653.0400,1
LKH9,15:01:16,54640.5600,1
LKH9,15:01:16,55164.9000,2
LKH9,15:01:16,50436.4800,2
LKH9,15:01:16,52538.0000,11
LKH9,15:01:16,52533.0000,1
LKH9,15:01:16,52004.7000,3
LKH9,15:01:18,55168.0500,1
LKH9,15:01:20,53578.5600,1
LKH9,15:01:20,55154.4000,1
LKH9,15:01:20,51987.8700,1
LKH9,15:01:20,54608.3200,1
LKH9,15:01:20,50407.6800,1
LKH9,15:01:22,50400.0000,1
LKH9,15:01:37,51994.8000,3
LKH9,15:01:37,55146.0000,3
LKH9,15:01:38,54100.7500,6
LKH9,15:01:50,55135.5000,3
LKH9,15:01:50,49883.5500,1
LKH9,15:01:50,50933.7300,1
LKH9,15:01:50,50408.6400,1
LKH9,15:01:50,52501.0000,4
LKH9,15:01:55,51451.9600,2
LKH9,15:02:00,52491.0000,1
LKH9,15:02:00,51966.0900,1
LKH9,15:02:00,50391.3600,1
LKH9,15:02:00,51441.1800,3
LKH9,15:02:00,54065.7300,3
LKH9,15:02:00,50390.4000,1
LKH9,15:02:01,51435.3000,1
LKH9,15:02:01,50910.4500,1
LKH9,15:02:01,49860.7500,1
LKH9,15:02:01,49856.0000,1
LKH9,15:02:01,53003.7900,1
LKH9,15:02:01,51427.4600,5
LKH9,15:02:01,51425.5000,1
LKH9,15:02:01,52997.7300,1
LKH9,15:02:01,50908.5100,1
LKH9,15:02:01,53533.6800,1
LKH9,15:02:01,49860.7500,1
LKH9,15:02:01,54060.5800,6
LKH9,15:02:01,54060.5800,1
LKH9,15:02:02,52486.0000,1
LKH9,15:02:03,50387.5200,1
LKH9,15:02:11,50918.2100,1
LKH9,15:02:11,55118.7000,5
LKH9,15:02:11,49871.2000,4
LKH9,15:02:11,51975.0000,1
LKH9,15:02:11,50400.0000,1
LKH9,15:02:13,53537.7600,1
LKH9,15:02:34,53552.0400,1
LKH9,15:02:38,53025.0000,3
LKH9,15:03:39,53043.1800,10
LKH9,15:03:39,55143.9000,29
LKH9,15:03:39,51992.8200,11
LKH9,15:03:40,53573.4600,1
LKH9,15:03:40,54623.9200,1
LKH9,15:03:40,53048.2300,1
LKH9,15:04:10,50447.0400,1
LKH9,15:04:10,53601.0000,1
LKH9,15:04:15,49916.8000,1
LKH9,15:04:40,49900.6500,3
LKH9,15:04:40,51476.4600,3
LKH9,15:04:40,54102.8100,6
LKH9,15:05:16,52547.0000,1
LKH9,15:05:16,50446.0800,1
LKH9,15:05:40,51498.0200,1
LKH9,15:05:40,53086.6100,3
LKH9,15:05:54,55189.0500,2
LKH9,15:06:19,50443.2000,5
LKH9,15:07:16,55190.1000,1
LKH9,15:10:51,52553.0000,1
LKH9,15:12:04,55207.9500,2
LKH9,15:12:21,52578.0000,1
LKH9,15:12:21,49957.6500,1
LKH9,15:12:21,55220.5500,1
LKH9,15:12:21,53122.9700,4
LKH9,15:12:21,53648.9400,1
LKH9,15:12:21,49970.0000,1
LKH9,15:12:32,52609.0000,1
LKH9,15:12:39,53659.1400,1
LKH9,15:12:52,55230.0000,1
LKH9,15:14:06,51538.2000,1
LKH9,15:14:07,53641.8000,1
LKH9,15:14:07,51538.2000,6
LKH9,15:14:11,55222.6500,1
LKH9,15:14:48,51545.0600,1
LKH9,15:15:20,55202.7000,1
LKH9,15:15:20,50995.8100,6
LKH9,15:18:05,53640.7800,1
LKH9,15:18:38,54155.3400,1
LKH9,15:18:42,54681.1200,1
LKH9,15:18:51,52578.0000,1
LKH9,15:23:59,53617.3200,9
LKH9,15:23:59,54142.9800,9
LKH9,15:23:59,49937.7000,9
LKH9,15:23:59,53091.6600,9
LKH9,15:23:59,54142.9800,9
LKH9,15:23:59,52570.0000,9
LKH9,15:23:59,51518.6000,9
LKH9,15:23:59,51518.6000,9
LKH9,15:23:59,54147.1000,9
LKH9,15:24:30,54670.7200,4
LKH9,15:24:36,49940.5500,1
LKH9,15:28:02,51514.6800,1
LKH9,15:28:08,50463.3600,3
LKH9,15:31:06,54138.8600,2
LKH9,15:31:33,50473.9200,5
LKH9,15:32:32,51515.6600,1
LKH9,15:32:35,55195.3500,1
LKH9,15:32:35,50461.4400,4
LKH9,15:32:35,52040.3400,1
LKH9,15:32:35,55195.3500,1
LKH9,15:32:35,55182.7500,1
LKH9,15:33:40,55190.1000,1
LKH9,15:33:41,52049.2500,1
LKH9,15:33:41,53627.5200,6
LKH9,15:33:41,49947.2000,5
LKH9,15:33:41,49949.1000,3
LKH9,15:33:41,53629.5600,9
LKH9,15:33:41,49951.0000,6
LKH9,15:33:41,51528.4000,2
LKH9,15:33:41,52054.2000,1
LKH9,15:33:41,53105.8000,3
LKH9,15:33:41,53105.8000,4
LKH9,15:33:41,51002.6000,2
LKH9,15:33:41,54683.2000,3
LKH9,15:33:41,53631.6000,2
LKH9,15:33:41,51002.6000,1
LKH9,15:33:41,52056.1800,6
LKH9,15:33:41,54685.2800,2
LKH9,15:33:41,54685.2800,4
LKH9,15:33:46,51529.3800,1
LKH9,15:33:47,54684.2400,1
LKH9,15:34:27,49960.5000,5
LKH9,15:34:33,54154.3100,1
LKH9,15:34:48,50478.7200,2
LKH9,15:34:56,53107.8200,2
LKH9,15:34:56,50478.7200,2
LKH9,15:36:11,49953.8500,30
LKH9,15:36:30,52586.0000,1
LKH9,15:36:30,51009.3900,1
LKH9,15:36:30,53638.7400,1
LKH9,15:37:09,54690.4800,1
LKH9,15:37:39,50454.7200,4
LKH9,15:37:39,52555.0000,3
LKH9,15:37:39,52549.0000,5
LKH9,15:37:39,50443.2000,4
LKH9,15:37:39,54646.8000,2
LKH9,15:37:39,53592.8400,1
LKH9,15:37:57,53068.4300,1
LKH9,15:38:04,52008.6600,2
LKH9,15:38:24,52537.0000,2
LKH9,15:39:11,55162.8000,2
LKH9,15:39:12,53594.8800,1
LKH9,15:39:12,51494.1000,2
LKH9,15:39:35,53581.6200,1
LKH9,15:41:13,55159.6500,1
LKH9,15:41:13,54107.9600,1
LKH9,15:44:09,54094.5700,2
LKH9,15:44:16,55146.0000,2
LKH9,15:45:20,53546.9400,1
LKH9,15:45:46,54582.3200,1
LKH9,15:45:46,55105.0500,1
LKH9,15:46:14,50392.3200,2
LKH9,15:46:22,54627.0400,1
LKH9,15:46:23,54102.8100,1
LKH9,15:46:36,54102.8100,1
LKH9,15:46:37,54101.7800,3
LKH9,15:47:13,49909.2000,1
LKH9,15:47:35,50969.6200,1
LKH9,15:51:37,53065.4000,1
LKH9,15:51:51,50397.1200,1
LKH9,15:51:51,53546.9400,1
LKH9,15:51:52,53530.6200,6
LKH9,15:51:52,53530.6200,1
LKH9,15:51:52,54581.2800,1
LKH9,15:51:52,53528.5800,1
LKH9,15:51:56,53529.6000,2
LKH9,15:51:58,53017.9300,2
LKH9,15:53:08,53541.8400,4
LKH9,15:53:09,50918.2100,1
LKH9,15:53:09,52494.0000,2
LKH9,15:53:09,55118.7000,3
LKH9,15:53:09,53018.9400,1
LKH9,15:53:10,51453.9200,1
LKH9,15:53:20,54592.7200,1
LKH9,15:54:08,53016.9200,1
LKH9,15:55:27,50926.9400,1
LKH9,15:55:59,54603.1200,3
LKH9,15:56:11,54089.4200,12
LKH9,15:56:11,50408.6400,3
LKH9,15:56:11,51980.9400,5
LKH9,15:56:11,51454.9000,5
LKH9,15:57:56,51501.9400,1
LKH9,15:57:56,53604.0600,1
LKH9,15:58:01,50975.4400,1
LKH9,16:00:01,53091.6600,1
LKH9,16:00:01,54142.9800,1
LKH9,16:00:49,52577.0000,1
LKH9,16:00:56,53636.7000,12
LKH9,16:00:56,51013.2700,1
LKH9,16:00:56,51539.1800,7
LKH9,16:01:17,51012.3000,1
LKH9,16:01:17,53117.9200,1
LKH9,16:01:17,54176.9700,1
LKH9,16:01:17,52073.0100,1
LKH9,16:01:17,52073.0100,1
LKH9,16:01:17,54176.9700,1
LKH9,16:01:17,51021.0300,1
LKH9,16:01:17,54702.9600,1
LKH9,16:01:17,53652.0000,1
LKH9,16:01:36,49978.5500,1
LKH9,16:01:37,51517.6200,10
LKH9,16:01:37,54144.0100,3
LKH9,16:01:37,52567.0000,2
LKH9,16:01:45,53093.6800,1
LKH9,16:01:52,50962.8300,1
LKH9,16:01:52,51488.2200,2
LKH9,16:01:52,53064.3900,1
LKH9,16:01:52,54118.2600,6
LKH9,16:01:53,55154.4000,1
LKH9,16:03:02,53613.2400,1
LKH9,16:03:02,50459.5200,1
LKH9,16:04:43,54680.0800,1
LKH9,16:05:25,51002.6000,1
LKH9,16:05:26,53628.5400,2
LKH9,16:05:37,54154.3100,1
LKH9,16:06:15,53652.0000,9
LKH9,16:06:15,52074.0000,4
LKH9,16:06:15,51548.0000,9
LKH9,16:06:15,51022.0000,9
LKH9,16:06:15,54704.0000,9
LKH9,16:06:15,55230.0000,9
LKH9,16:06:25,52599.0000,1
LKH9,16:07:54,53156.3000,1
LKH9,16:07:55,53170.4400,4
LKH9,16:08:46,55275.1500,1
LKH9,16:08:46,55276.2000,6
LKH9,16:08:46,54749.7600,6
LKH9,16:08:46,50011.8000,6
LKH9,16:08:46,50538.2400,6
LKH9,16:08:46,50538.2400,6
LKH9,16:08:46,51075.3500,1
LKH9,16:08:46,54241.8600,6
LKH9,16:08:46,53715.2400,1
LKH9,16:08:46,53205.7900,4
LKH9,16:08:46,52679.0000,2
LKH9,16:08:46,53736.6600,3
LKH9,16:08:46,53209.8300,3
LKH9,16:08:46,51631.3000,6
LKH9,16:08:46,52685.0000,3
LKH9,16:08:46,54265.5500,3
LKH9,16:08:46,54794.4800,2
