SECID,TRADETIME,PRICE,QUANTITY
MNH9,19:05:37,4491.7600,4
MNH9,19:05:37,4146.2400,7
MNH9,19:05:42,4321.0000,4
MNH9,19:05:42,4321.0000,4
MNH9,19:05:42,4408.4400,2
MNH9,19:05:57,4495.9200,4
MNH9,19:05:57,4193.3100,4
MNH9,19:05:57,4366.2300,4
MNH9,19:05:57,4366.2300,4
MNH9,19:05:57,4409.4600,4
MNH9,19:05:57,4540.2000,1
MNH9,19:05:59,4323.0000,1
MNH9,19:06:01,4193.3100,8
MNH9,19:06:01,4105.9000,5
MNH9,19:06:01,4104.9500,5
MNH9,19:06:01,4406.4000,5
MNH9,19:06:01,4490.7200,5
MNH9,19:06:01,4317.0000,5
MNH9,19:06:01,4359.1600,5
MNH9,19:06:09,4307.0000,2
MNH9,19:06:09,4522.3500,3
MNH9,19:06:17,4183.6100,1
MNH9,19:06:24,4221.8400,5
MNH9,19:06:24,4393.1400,2
MNH9,19:06:24,4436.2100,3
MNH9,19:06:24,4090.7000,5
MNH9,19:06:24,4305.0000,5
MNH9,19:06:26,4391.1000,4
MNH9,19:06:36,4348.0500,3
MNH9,19:06:42,4348.0500,3
MNH9,19:06:42,4476.1600,5
MNH9,19:06:42,4130.8800,4
MNH9,19:06:42,4303.0000,3
MNH9,19:06:42,4259.9700,4
MNH9,19:06:42,4172.9400,1
MNH9,19:06:42,4345.0200,10
MNH9,19:06:42,4388.0400,4
MNH9,19:06:42,4517.1000,5
MNH9,19:06:42,4086.9000,5
MNH9,19:06:42,4388.0400,3
MNH9,19:06:42,4086.9000,3
MNH9,19:06:42,4172.9400,5
MNH9,19:06:42,4430.0300,4
MNH9,19:06:42,4430.0300,5
MNH9,19:06:42,4128.9600,5
MNH9,19:06:42,4516.0500,9
MNH9,19:06:42,4344.0100,8
MNH9,19:06:43,4430.0300,2
MNH9,19:06:43,4171.0000,1
MNH9,19:06:44,4473.0400,3
MNH9,19:06:44,4346.0300,5
MNH9,19:06:59,4131.8400,2
MNH9,19:07:00,4129.9200,1
MNH9,19:07:08,4305.0000,3
MNH9,19:07:09,4258.9800,1
MNH9,19:07:17,4218.9000,2
MNH9,19:07:32,4089.7500,5
MNH9,19:07:32,4348.0500,1
MNH9,19:07:52,4265.9100,5
MNH9,19:08:16,4183.6100,5
MNH9,19:08:28,4309.0000,1
MNH9,19:08:28,4481.3600,1
MNH9,19:08:30,4395.1800,1
MNH9,19:08:30,4309.0000,26
MNH9,19:08:35,4352.0900,5
MNH9,19:08:40,4352.0900,1
MNH9,19:08:43,4352.0900,1
MNH9,19:09:12,4441.3600,4
MNH9,19:09:20,4398.2400,1
MNH9,19:09:27,4528.6500,1
MNH9,19:09:36,4398.2400,1
MNH9,19:09:40,4268.8800,1
MNH9,19:09:59,4225.7600,1
MNH9,19:10:19,4314.0000,2
MNH9,19:10:19,4486.5600,5
MNH9,19:10:19,4400.2800,2
MNH9,19:10:19,4401.3000,1
MNH9,19:10:34,4527.6000,3
MNH9,19:10:44,4443.4200,3
MNH9,19:11:00,4530.7500,2
MNH9,19:11:00,4488.6400,2
MNH9,19:11:00,4531.8000,5
MNH9,19:11:00,4144.3200,1
MNH9,19:11:53,4227.7200,3
MNH9,19:12:05,4357.1400,5
MNH9,19:12:05,4529.7000,9
MNH9,19:12:05,4357.1400,6
MNH9,19:12:14,4228.7000,1
MNH9,19:12:28,4399.2600,1
MNH9,19:12:37,4095.4500,1
MNH9,19:12:49,4180.7000,5
MNH9,19:14:00,4481.3600,5
MNH9,19:14:00,4394.1600,1
MNH9,19:14:00,4479.2800,5
MNH9,19:14:01,4521.3000,5
MNH9,19:14:01,4090.7000,5
MNH9,19:14:01,4089.7500,5
MNH9,19:14:01,4475.1200,5
MNH9,19:14:01,4345.0200,9
MNH9,19:14:01,4129.9200,2
MNH9,19:14:01,4474.0800,5
MNH9,19:14:01,4474.0800,5
MNH9,19:14:01,4347.0400,2
MNH9,19:14:01,4257.9900,5
MNH9,19:14:01,4515.0000,42
MNH9,19:14:01,4171.0000,5
MNH9,19:14:01,4429.0000,3
MNH9,19:14:01,4472.0000,22
MNH9,19:14:01,4257.0000,5
MNH9,19:14:01,4512.9000,2
MNH9,19:14:01,4126.0800,1
MNH9,19:14:01,4512.9000,1
MNH9,19:14:02,4086.9000,2
MNH9,19:14:02,4125.1200,3
MNH9,19:14:02,4168.0900,4
MNH9,19:14:02,4080.2500,5
MNH9,19:14:02,4295.0000,5
MNH9,19:14:02,4209.1000,3
MNH9,19:14:02,4209.1000,4
MNH9,19:14:02,4465.7600,3
MNH9,19:14:02,4122.2400,2
MNH9,19:14:02,4336.9400,3
MNH9,19:14:02,4422.8200,1
MNH9,19:14:02,4122.2400,4
MNH9,19:14:02,4508.7000,2
MNH9,19:14:02,4122.2400,3
MNH9,19:14:02,4165.1800,1
MNH9,19:14:02,4121.2800,4
MNH9,19:14:02,4250.0700,5
MNH9,19:14:02,4421.7900,1
MNH9,19:14:02,4121.2800,2
MNH9,19:14:02,4464.7200,1
MNH9,19:14:02,4420.7600,1
MNH9,19:14:02,4120.3200,21
MNH9,19:14:02,4378.8600,2
MNH9,19:14:02,4077.4000,9
MNH9,19:14:02,4334.9200,2
MNH9,19:14:02,4505.5500,4
MNH9,19:14:02,4121.2800,5
MNH9,19:14:02,4165.1800,5
MNH9,19:14:03,4080.2500,1
MNH9,19:14:03,4510.8000,2
MNH9,19:14:03,4508.7000,5
MNH9,19:14:03,4208.1200,5
MNH9,19:14:03,4422.8200,5
MNH9,19:14:03,4422.8200,10
MNH9,19:14:03,4508.7000,10
MNH9,19:14:03,4165.1800,5
MNH9,19:14:03,4464.7200,5
MNH9,19:14:03,4163.2400,5
MNH9,19:14:03,4077.4000,1
MNH9,19:14:03,4249.0800,2
MNH9,19:14:03,4119.3600,1
MNH9,19:14:03,4248.0900,1
MNH9,19:14:09,4206.1600,1
MNH9,19:14:32,4376.8200,4
MNH9,19:14:50,4166.1500,1
MNH9,19:14:50,4296.0000,3
MNH9,19:14:50,4510.8000,1
MNH9,19:14:50,4338.9600,5
MNH9,19:14:54,4253.0400,5
MNH9,19:14:59,4166.1500,3
MNH9,19:15:02,4167.1200,1
MNH9,19:15:33,4253.0400,1
MNH9,19:15:40,4253.0400,4
MNH9,19:15:41,4378.8600,1
MNH9,19:15:52,4335.9300,1
MNH9,19:16:19,4166.1500,1
MNH9,19:16:35,4379.8800,1
MNH9,19:17:09,4250.0700,1
MNH9,19:18:07,4464.7200,3
MNH9,19:18:07,4077.4000,5
MNH9,19:18:07,4291.0000,4
MNH9,19:18:07,4076.4500,2
MNH9,19:18:09,4291.0000,8
MNH9,19:18:09,4248.0900,12
MNH9,19:18:22,4465.7600,3
MNH9,19:18:42,4379.8800,1
MNH9,19:18:42,4508.7000,5
MNH9,19:18:42,4122.2400,44
MNH9,19:18:58,4464.7200,1
MNH9,19:18:58,4206.1600,3
MNH9,19:18:58,4504.5000,2
MNH9,19:18:58,4504.5000,1
MNH9,19:18:58,4461.6000,5
MNH9,19:18:58,4504.5000,5
MNH9,19:18:58,4504.5000,1
MNH9,19:18:58,4372.7400,5
MNH9,19:18:59,4115.5200,5
MNH9,19:18:59,4114.5600,2
MNH9,19:18:59,4071.7000,3
MNH9,19:18:59,4114.5600,5
MNH9,19:18:59,4071.7000,4
MNH9,19:18:59,4200.2800,5
MNH9,19:18:59,4244.1300,1
MNH9,19:18:59,4287.0000,2
MNH9,19:18:59,4286.0000,2
MNH9,19:19:00,4414.5800,10
MNH9,19:19:07,4204.2000,5
MNH9,19:19:07,4248.0900,5
MNH9,19:19:07,4333.9100,1
MNH9,19:19:07,4076.4500,1
MNH9,19:19:07,4250.0700,2
MNH9,19:19:34,4165.1800,1
MNH9,19:19:54,4374.7800,1
MNH9,19:20:52,4506.6000,7
MNH9,19:21:35,4159.3600,3
MNH9,19:21:52,4502.4000,3
MNH9,19:22:14,4121.2800,1
MNH9,19:22:46,4245.1200,5
MNH9,19:23:23,4420.7600,100
MNH9,19:23:23,4163.2400,5
MNH9,19:23:28,4421.7900,100
MNH9,19:23:30,4250.0700,50
MNH9,19:23:30,4464.7200,49
MNH9,19:23:30,4378.8600,1
MNH9,19:23:30,4419.7300,10
MNH9,19:23:31,4371.7200,14
MNH9,19:23:31,4114.5600,3
MNH9,19:23:37,4291.0000,5
MNH9,19:23:37,4420.7600,5
MNH9,19:23:37,4120.3200,95
MNH9,19:23:39,4334.9200,100
MNH9,19:23:54,4164.2100,3
MNH9,19:24:06,4419.7300,1
MNH9,19:24:06,4505.5500,2
MNH9,19:24:22,4206.1600,1
MNH9,19:24:22,4506.6000,1
MNH9,19:24:33,4295.0000,1
MNH9,19:24:34,4080.2500,1
MNH9,19:25:08,4337.9500,3
MNH9,19:25:08,4121.2800,1
MNH9,19:25:08,4420.7600,5
MNH9,19:25:08,4206.1600,1
MNH9,19:25:08,4461.6000,5
MNH9,19:25:08,4504.5000,3
MNH9,19:25:08,4117.4400,5
MNH9,19:25:08,4116.4800,4
MNH9,19:25:08,4333.9100,3
MNH9,19:25:13,4249.0800,1
MNH9,19:25:23,4078.3500,5
MNH9,19:25:23,4079.3000,5
MNH9,19:25:23,4294.0000,19
MNH9,19:25:23,4208.1200,3
MNH9,19:25:23,4294.0000,17
MNH9,19:25:23,4294.0000,1
MNH9,19:25:28,4250.0700,5
MNH9,19:25:28,4204.2000,19
MNH9,19:25:33,4335.9300,5
MNH9,19:25:33,4121.2800,5
MNH9,19:25:33,4206.1600,5
MNH9,19:25:33,4416.6400,1
MNH9,19:25:33,4330.8800,1
MNH9,19:25:33,4288.0000,1
MNH9,19:25:33,4073.6000,2
MNH9,19:25:33,4416.6400,9
MNH9,19:25:37,4335.9300,15
MNH9,19:25:39,4122.2400,5
MNH9,19:25:39,4423.8500,1
MNH9,19:25:39,4509.7500,5
MNH9,19:25:39,4295.0000,95
MNH9,19:25:41,4295.0000,24
MNH9,19:25:43,4423.8500,36
MNH9,19:25:45,4423.8500,10
MNH9,19:25:47,4337.9500,100
MNH9,19:25:49,4295.0000,44
MNH9,19:25:52,4337.9500,10
MNH9,19:25:55,4466.8000,48
MNH9,19:25:58,4509.7500,10
MNH9,19:26:01,4424.8800,5
MNH9,19:26:01,4338.9600,48
MNH9,19:26:04,4209.1000,5
MNH9,19:26:04,4253.0400,2
MNH9,19:26:04,4253.0400,43
MNH9,19:26:12,4210.0800,1
MNH9,19:26:12,4125.1200,5
MNH9,19:26:12,4297.0000,48
MNH9,19:26:13,4125.1200,5
MNH9,19:26:13,4296.0000,5
MNH9,19:26:13,4252.0500,5
MNH9,19:26:13,4208.1200,5
MNH9,19:26:13,4079.3000,4
MNH9,19:26:14,4121.2800,5
MNH9,19:26:14,4331.8900,5
MNH9,19:26:14,4202.2400,7
MNH9,19:26:14,4245.1200,7
MNH9,19:26:15,4249.0800,1
MNH9,19:26:21,4165.1800,5
MNH9,19:26:25,4166.1500,14
MNH9,19:26:30,4295.0000,5
MNH9,19:26:30,4465.7600,5
MNH9,19:26:32,4379.8800,36
MNH9,19:26:33,4079.3000,100
MNH9,19:26:37,4079.3000,19
MNH9,19:26:47,4122.2400,4
MNH9,19:26:47,4379.8800,60
MNH9,19:26:49,4165.1800,44
MNH9,19:27:04,4080.2500,5
MNH9,19:27:11,4081.2000,1
MNH9,19:27:11,4253.0400,50
MNH9,19:27:12,4509.7500,7
MNH9,19:27:12,4118.4000,2
MNH9,19:27:12,4460.5600,1
MNH9,19:27:12,4074.5500,5
MNH9,19:27:12,4373.7600,9
MNH9,19:27:16,4465.7600,5
MNH9,19:27:16,4423.8500,5
MNH9,19:27:16,4337.9500,43
MNH9,19:27:19,4509.7500,5
MNH9,19:27:19,4509.7500,1
MNH9,19:27:19,4296.0000,5
MNH9,19:27:19,4124.1600,94
MNH9,19:27:23,4168.0900,23
MNH9,19:27:28,4297.0000,10
MNH9,19:27:28,4378.8600,5
MNH9,19:27:28,4377.8400,5
MNH9,19:27:28,4332.9000,5
MNH9,19:27:28,4161.3000,1
MNH9,19:27:28,4075.5000,1
MNH9,19:27:28,4160.3300,3
MNH9,19:27:34,4381.9200,1
MNH9,19:27:34,4253.0400,5
MNH9,19:27:34,4382.9400,1
MNH9,19:27:34,4082.1500,5
MNH9,19:27:34,4469.9200,5
MNH9,19:27:34,4214.0000,4
MNH9,19:27:34,4171.0000,5
MNH9,19:27:34,4515.0000,2
MNH9,19:27:34,4085.0000,23
MNH9,19:27:34,4257.0000,2
MNH9,19:27:35,4343.0000,5
MNH9,19:27:35,4424.8800,5
MNH9,19:27:35,4205.1800,18
MNH9,19:28:18,4509.7500,30
MNH9,19:28:47,4377.8400,1
MNH9,19:28:56,4293.0000,1
MNH9,19:28:56,4335.9300,5
MNH9,19:28:56,4334.9200,1
MNH9,19:28:56,4461.6000,2
MNH9,19:28:56,4290.0000,3
MNH9,19:28:56,4461.6000,12
MNH9,19:28:57,4375.8000,1
MNH9,19:29:04,4206.1600,91
MNH9,19:29:04,4247.1000,37
MNH9,19:29:12,4507.6500,5
MNH9,19:29:12,4251.0600,5
MNH9,19:29:12,4465.7600,43
MNH9,19:29:54,4293.0000,10
MNH9,19:30:18,4164.2100,3
MNH9,19:30:47,4335.9300,3
MNH9,19:31:18,4166.1500,1
MNH9,19:31:19,4083.1000,5
MNH9,19:31:19,4432.0900,4
MNH9,19:31:19,4346.0300,1
MNH9,19:31:21,4344.0100,2
MNH9,19:32:17,4509.7500,1
MNH9,19:33:39,4129.9200,1
MNH9,19:34:39,4086.9000,4
MNH9,19:35:01,4255.0200,5
MNH9,19:35:01,4511.8500,5
MNH9,19:35:01,4253.0400,2
MNH9,19:35:01,4210.0800,5
MNH9,19:35:01,4337.9500,4
MNH9,19:35:01,4509.7500,2
MNH9,19:35:01,4079.3000,10
MNH9,19:35:01,4465.7600,5
MNH9,19:35:01,4464.7200,5
MNH9,19:35:01,4078.3500,7
MNH9,19:35:49,4378.8600,2
MNH9,19:35:58,4472.0000,5
MNH9,19:35:58,4344.0100,5
MNH9,19:35:58,4345.0200,5
MNH9,19:35:58,4431.0600,1
MNH9,19:35:58,4259.9700,1
MNH9,19:35:58,4217.9200,4
MNH9,19:35:58,4390.0800,5
MNH9,19:35:58,4305.0000,26
MNH9,19:37:31,4380.9000,3
MNH9,19:37:45,4346.0300,1
MNH9,19:39:12,4473.0400,3
MNH9,19:39:17,4511.8500,5
MNH9,19:39:17,4467.8400,5
MNH9,19:39:17,4337.9500,7
MNH9,19:39:17,4252.0500,10
MNH9,19:39:17,4379.8800,5
MNH9,19:39:17,4078.3500,5
MNH9,19:39:17,4420.7600,5
MNH9,19:39:17,4162.2700,5
MNH9,19:39:17,4073.6000,1
MNH9,19:39:17,4116.4800,5
MNH9,19:39:17,4459.5200,25
MNH9,19:39:17,4072.6500,1
MNH9,19:39:17,4158.3900,21
MNH9,19:39:17,4417.6700,2
MNH9,19:39:17,4374.7800,4
MNH9,19:39:26,4216.9400,3
MNH9,19:41:17,4295.0000,1
MNH9,19:41:29,4126.0800,1
MNH9,19:42:18,4123.2000,4
MNH9,19:42:18,4379.8800,1
MNH9,19:42:48,4123.2000,1
MNH9,19:42:48,4464.7200,2
MNH9,19:44:52,4506.6000,1
MNH9,19:46:27,4421.7900,10
MNH9,19:46:40,4294.0000,5
MNH9,19:49:45,4337.9500,3
MNH9,19:49:46,4384.9800,2
MNH9,19:49:46,4474.0800,5
MNH9,19:49:46,4518.1500,2
MNH9,19:49:46,4299.0000,2
MNH9,19:49:47,4129.9200,2
MNH9,19:49:54,4129.9200,5
MNH9,19:49:54,4130.8800,5
MNH9,19:51:17,4422.8200,1
MNH9,19:51:44,4469.9200,5
MNH9,19:51:44,4256.0100,5
MNH9,19:51:44,4085.0000,5
MNH9,19:51:44,4128.0000,2
MNH9,19:52:43,4128.0000,10
MNH9,19:52:48,4515.0000,20
MNH9,19:52:56,4171.0000,10
MNH9,19:54:32,4216.9400,1
MNH9,19:54:53,4475.1200,1
MNH9,19:55:05,4474.0800,2
MNH9,19:55:05,4171.9700,1
MNH9,19:55:05,4387.0200,3
MNH9,19:55:13,4472.0000,2
MNH9,19:55:35,4427.9700,5
MNH9,19:55:35,4343.0000,5
MNH9,19:56:18,4386.0000,17
MNH9,19:56:22,4257.0000,10
MNH9,19:56:26,4431.0600,5
MNH9,19:56:26,4259.9700,5
MNH9,19:56:26,4475.1200,8
MNH9,19:56:26,4128.0000,10
MNH9,20:00:47,4386.0000,5
MNH9,20:01:17,4257.0000,1
MNH9,20:01:36,4424.8800,1
MNH9,20:01:36,4080.2500,1
MNH9,20:01:41,4508.7000,2
MNH9,20:01:51,4508.7000,1
MNH9,20:02:06,4422.8200,2
MNH9,20:02:08,4164.2100,2
MNH9,20:02:08,4078.3500,5
MNH9,20:02:13,4463.6800,1
MNH9,20:02:29,4208.1200,1
MNH9,20:02:31,4335.9300,1
MNH9,20:02:34,4507.6500,1
MNH9,20:02:34,4421.7900,2
MNH9,20:02:40,4250.0700,1
MNH9,20:03:57,4121.2800,2
MNH9,20:03:57,4164.2100,8
MNH9,20:07:51,4211.0600,1
MNH9,20:07:52,4168.0900,1
MNH9,20:07:53,4468.8800,1
MNH9,20:07:54,4468.8800,1
MNH9,20:07:55,4254.0300,1
MNH9,20:07:57,4255.0200,1
MNH9,20:09:12,4126.0800,1
MNH9,20:11:17,4295.0000,1
MNH9,20:11:38,4466.8000,4
MNH9,20:16:10,4209.1000,1
MNH9,20:16:16,4509.7500,16
MNH9,20:16:16,4166.1500,3
MNH9,20:18:18,4509.7500,2
MNH9,20:18:18,4422.8200,4
MNH9,20:18:18,4251.0600,5
MNH9,20:19:14,4165.1800,8
MNH9,20:20:06,4121.2800,1
MNH9,20:20:06,4420.7600,2
MNH9,20:21:17,4206.1600,1
MNH9,20:21:17,4377.8400,5
MNH9,20:21:17,4162.2700,9
MNH9,20:23:39,4376.8200,1
MNH9,20:23:39,4248.0900,4
MNH9,20:23:39,4076.4500,1
MNH9,20:23:39,4376.8200,2
MNH9,20:23:39,4375.8000,2
MNH9,20:23:39,4204.2000,3
MNH9,20:23:39,4246.1100,2
MNH9,20:23:39,4374.7800,3
MNH9,20:23:39,4287.0000,4
MNH9,20:23:39,4501.3500,5
MNH9,20:23:40,4372.7400,5
MNH9,20:25:30,4163.2400,1
MNH9,20:28:48,4078.3500,1
MNH9,20:32:16,4504.5000,1
MNH9,20:33:38,4079.3000,1
MNH9,20:33:38,4208.1200,5
MNH9,20:33:38,4337.9500,3
MNH9,20:33:38,4124.1600,5
MNH9,20:33:38,4425.9100,1
MNH9,20:33:38,4254.0300,5
MNH9,20:33:38,4169.0600,4
MNH9,20:33:38,4212.0400,1
MNH9,20:33:38,4513.9500,5
MNH9,20:33:38,4513.9500,1
MNH9,20:33:38,4128.0000,1
MNH9,20:33:38,4171.9700,1
MNH9,20:33:38,4431.0600,3
MNH9,20:33:38,4215.9600,5
MNH9,20:33:38,4129.9200,4
MNH9,20:33:38,4475.1200,1
MNH9,20:33:38,4087.8500,1
MNH9,20:33:38,4389.0600,1
MNH9,20:33:38,4131.8400,1
MNH9,20:33:38,4519.2000,5
MNH9,20:33:38,4519.2000,14
MNH9,20:33:38,4520.2500,10
MNH9,20:33:38,4175.8500,1
MNH9,20:33:38,4219.8800,1
MNH9,20:33:38,4521.3000,3
MNH9,20:33:38,4479.2800,5
MNH9,20:33:38,4263.9300,1
MNH9,20:33:38,4264.9200,11
MNH9,20:33:38,4305.0000,1
MNH9,20:33:52,4213.0200,1
MNH9,20:34:18,4299.0000,1
MNH9,20:34:27,4088.8000,4
MNH9,20:34:27,4519.2000,3
MNH9,20:41:57,4516.0500,1
MNH9,20:42:04,4127.0400,1
MNH9,20:42:04,4341.9900,3
MNH9,20:42:07,4509.7500,2
MNH9,20:42:07,4380.9000,5
MNH9,20:42:07,4508.7000,3
MNH9,20:42:08,4208.1200,2
MNH9,20:42:08,4078.3500,5
MNH9,20:42:22,4171.9700,1
MNH9,20:51:10,4213.0200,1
MNH9,20:52:49,4081.2000,5
MNH9,20:52:49,4210.0800,11
MNH9,20:53:06,4509.7500,5
MNH9,20:57:57,4293.0000,1
MNH9,20:57:59,4507.6500,1
MNH9,20:58:02,4463.6800,1
MNH9,20:58:08,4206.1600,1
MNH9,20:58:09,4077.4000,1
MNH9,20:59:55,4334.9200,2
MNH9,20:59:55,4291.0000,5
MNH9,20:59:55,4161.3000,3
MNH9,20:59:56,4461.6000,1
MNH9,21:03:40,4205.1800,1
MNH9,21:06:36,4375.8000,2
MNH9,21:06:36,4290.0000,1
MNH9,21:06:36,4374.7800,5
MNH9,21:06:36,4373.7600,5
MNH9,21:08:37,4334.9200,1
MNH9,21:09:34,4165.1800,5
MNH9,21:09:36,4081.2000,2
MNH9,21:09:36,4296.0000,5
MNH9,21:16:58,4377.8400,2
MNH9,21:22:30,4339.9700,1
MNH9,21:22:30,4468.8800,5
MNH9,21:22:30,4426.9400,5
MNH9,21:22:30,4169.0600,1
MNH9,21:22:30,4513.9500,5
MNH9,21:22:30,4470.9600,1
MNH9,21:22:30,4429.0000,1
MNH9,21:22:30,4301.0000,1
MNH9,21:22:30,4432.0900,1
MNH9,21:22:30,4518.1500,15
MNH9,21:22:30,4131.8400,1
MNH9,21:22:30,4390.0800,3
MNH9,21:22:30,4477.2000,5
MNH9,21:22:30,4089.7500,5
MNH9,21:22:31,4260.9600,1
MNH9,21:26:05,4173.9100,6
MNH9,21:36:48,4087.8500,1
MNH9,21:37:53,4170.0300,5
MNH9,21:37:56,4083.1000,1
MNH9,21:40:00,4300.0000,1
MNH9,21:42:42,4300.0000,2
MNH9,21:48:39,4516.0500,2
MNH9,21:51:11,4430.0300,1
MNH9,21:52:37,4128.0000,3
MNH9,21:52:37,4300.0000,1
MNH9,21:52:39,4168.0900,5
MNH9,21:52:40,4081.2000,5
MNH9,21:52:41,4209.1000,5
MNH9,21:52:41,4166.1500,1
MNH9,21:52:41,4123.2000,2
MNH9,21:52:41,4209.1000,5
MNH9,21:52:41,4079.3000,1
MNH9,21:52:50,4294.0000,1
MNH9,21:55:08,4295.0000,5
MNH9,21:55:08,4423.8500,5
MNH9,21:56:09,4295.0000,2
MNH9,21:56:09,4295.0000,8
MNH9,21:56:28,4341.9900,1
MNH9,22:05:57,4128.0000,1
MNH9,22:05:58,4081.2000,5
MNH9,22:05:58,4338.9600,1
MNH9,22:05:58,4166.1500,2
MNH9,22:06:39,4472.0000,4
MNH9,22:07:15,4080.2500,3
MNH9,22:07:15,4509.7500,1
MNH9,22:08:41,4380.9000,1
MNH9,22:11:44,4423.8500,3
MNH9,22:11:44,4080.2500,3
MNH9,22:21:45,4124.1600,1
MNH9,22:25:34,4341.9900,5
MNH9,22:26:03,4128.0000,1
MNH9,22:26:03,4257.0000,5
MNH9,22:26:38,4129.9200,1
MNH9,22:26:58,4303.0000,1
MNH9,22:26:58,4088.8000,5
MNH9,22:27:03,4391.1000,1
MNH9,22:27:52,4476.1600,50
MNH9,22:28:28,4434.1500,1
MNH9,22:28:52,4390.0800,6
MNH9,22:30:01,4261.9500,2
MNH9,22:30:01,4132.8000,2
MNH9,22:30:01,4477.2000,1
MNH9,22:30:01,4305.0000,3
MNH9,22:30:01,4175.8500,3
MNH9,22:30:01,4132.8000,3
MNH9,22:30:01,4218.9000,4
MNH9,22:35:46,4304.0000,2
MNH9,22:37:30,4435.1800,1
MNH9,22:49:22,4219.8800,1
MNH9,22:49:36,4217.9200,36
MNH9,22:49:36,4260.9600,10
MNH9,22:49:36,4519.2000,2
MNH9,22:49:37,4346.0300,5
MNH9,22:49:38,4129.9200,5
MNH9,22:49:40,4085.9500,5
MNH9,22:49:43,4214.0000,3
MNH9,22:49:43,4257.0000,100
MNH9,22:49:44,4298.0000,5
MNH9,22:49:48,4253.0400,1
MNH9,22:49:48,4338.9600,1
MNH9,22:49:53,4510.8000,2
MNH9,23:04:39,4257.9900,5
MNH9,23:04:39,4172.9400,5
MNH9,23:04:39,4518.1500,5
MNH9,23:04:39,4131.8400,5
MNH9,23:06:08,4217.9200,2
MNH9,23:06:08,4217.9200,2
MNH9,23:11:31,4348.0500,5
MNH9,23:13:02,4176.8200,1
MNH9,23:13:26,4307.0000,5
MNH9,23:23:09,4130.8800,5
MNH9,23:25:06,4215.9600,5
MNH9,23:30:15,4384.9800,4
MNH9,23:40:28,4343.0000,5
MNH9,23:41:29,4384.9800,1
MNH9,23:41:29,4427.9700,5
MNH9,23:41:29,4299.0000,4
MNH9,23:41:41,4384.9800,1
MNH9,23:41:45,4084.0500,1
MNH9,23:41:49,4299.0000,1
MNH9,23:41:52,4256.0100,1
MNH9,23:41:53,4299.0000,1
MNH9,23:41:56,4084.0500,1
MNH9,23:41:56,4299.0000,1
MNH9,23:41:59,4256.0100,1
MNH9,23:48:41,4427.9700,5
MNH9,23:49:40,4171.0000,2
MNH9,23:49:43,4300.0000,2
MNH9,23:49:46,4515.0000,1
MNH9,23:49:46,4427.9700,1
MNH9,23:49:54,4299.0000,1
MNH9,10:00:00,4088.8000,1
MNH9,10:00:00,4395.1800,13
MNH9,10:00:00,4484.4800,2
MNH9,10:00:00,4100.2000,2
MNH9,10:00:00,4532.8500,2
MNH9,10:00:00,4187.4900,4
MNH9,10:00:00,4406.4000,2
MNH9,10:00:00,4320.0000,5
MNH9,10:00:00,4233.6000,7
MNH9,10:00:00,4277.7900,1
MNH9,10:00:00,4236.5400,1
MNH9,10:00:00,4366.2300,9
MNH9,10:00:01,4399.2600,2
MNH9,10:00:01,4237.5200,1
MNH9,10:00:01,4324.0000,1
MNH9,10:00:02,4409.4600,10
MNH9,10:00:02,4111.6000,2
MNH9,10:00:02,4457.8400,2
MNH9,10:00:02,4198.1600,5
MNH9,10:00:02,4285.7100,1
MNH9,10:00:02,4539.1500,1
MNH9,10:00:06,4198.1600,5
MNH9,10:00:06,4502.1600,4
MNH9,10:00:06,4536.0000,1
MNH9,10:00:06,4545.4500,1
MNH9,10:00:07,4364.2100,1
MNH9,10:00:07,4277.7900,1
MNH9,10:00:07,4276.8000,1
MNH9,10:00:07,4407.4200,1
MNH9,10:00:08,4191.3700,1
MNH9,10:00:08,4364.2100,2
MNH9,10:00:08,4363.2000,1
MNH9,10:00:09,4407.4200,4
MNH9,10:00:11,4149.1200,4
MNH9,10:00:13,4108.7500,1
MNH9,10:00:13,4454.7500,4
MNH9,10:00:13,4108.7500,9
MNH9,10:00:13,4498.0000,25
MNH9,10:00:13,4325.0000,11
MNH9,10:00:15,4190.4000,4
MNH9,10:00:16,4536.0000,13
MNH9,10:00:16,4320.0000,12
MNH9,10:00:17,4104.9500,4
MNH9,10:00:18,4190.4000,1
MNH9,10:00:20,4190.4000,4
MNH9,10:00:20,4103.0500,6
MNH9,10:00:22,4150.0800,10
MNH9,10:00:26,4496.9600,1
MNH9,10:00:31,4107.8000,1
MNH9,10:00:32,4534.9500,4
MNH9,10:00:33,4534.9500,5
MNH9,10:00:33,4103.0500,2
MNH9,10:00:33,4319.0000,3
MNH9,10:00:55,4189.4300,1
MNH9,10:00:55,4148.1600,1
MNH9,10:01:01,4104.9500,5
MNH9,10:01:03,4149.1200,1
MNH9,10:01:16,4105.9000,2
MNH9,10:01:16,4494.8800,1
MNH9,10:01:18,4408.4400,1
MNH9,10:01:39,4450.6300,1
MNH9,10:01:39,4234.5800,1
MNH9,10:01:41,4234.5800,1
MNH9,10:01:46,4451.6600,1
MNH9,10:01:47,4408.4400,1
MNH9,10:01:47,4322.0000,1
MNH9,10:01:47,4365.2200,1
MNH9,10:01:47,4235.5600,1
MNH9,10:01:47,4149.1200,3
MNH9,10:01:47,4149.1200,2
MNH9,10:01:49,4150.0800,1
MNH9,10:01:49,4539.1500,2
MNH9,10:01:49,4495.9200,2
MNH9,10:01:49,4279.7700,3
MNH9,10:01:50,4193.3100,1
MNH9,10:02:10,4106.8500,1
MNH9,10:02:16,4453.7200,3
MNH9,10:02:16,4540.2000,1
MNH9,10:02:16,4453.7200,1
MNH9,10:02:16,4108.7500,1
MNH9,10:02:21,4325.0000,1
MNH9,10:02:24,4541.2500,1
MNH9,10:02:24,4195.2500,1
MNH9,10:02:24,4541.2500,2
MNH9,10:02:25,4411.5000,1
MNH9,10:02:26,4106.8500,1
MNH9,10:02:26,4150.0800,1
MNH9,10:02:38,4323.0000,1
MNH9,10:02:38,4149.1200,5
MNH9,10:02:38,4278.7800,1
MNH9,10:02:38,4277.7900,5
MNH9,10:02:38,4191.3700,1
MNH9,10:02:38,4277.7900,1
MNH9,10:02:38,4104.9500,1
MNH9,10:02:38,4364.2100,1
MNH9,10:02:38,4234.5800,1
MNH9,10:02:38,4148.1600,1
MNH9,10:02:38,4406.4000,5
MNH9,10:02:38,4536.0000,40
MNH9,10:02:38,4232.6200,3
MNH9,10:02:38,4491.7600,1
MNH9,10:02:38,4319.0000,1
MNH9,10:02:38,4491.7600,82
MNH9,10:02:38,4232.6200,2
MNH9,10:02:38,4448.5700,70
MNH9,10:02:38,4491.7600,40
MNH9,10:02:38,4492.8000,5
MNH9,10:02:38,4277.7900,5
MNH9,10:02:38,4321.0000,5
MNH9,10:02:38,4191.3700,5
MNH9,10:02:38,4277.7900,5
MNH9,10:02:38,4147.2000,1
MNH9,10:02:42,4318.0000,1
MNH9,10:02:42,4447.5400,5
MNH9,10:02:42,4101.1500,5
MNH9,10:02:42,4531.8000,5
MNH9,10:02:42,4143.3600,40
MNH9,10:02:42,4228.7000,1
MNH9,10:02:42,4530.7500,1
MNH9,10:02:42,4099.2500,1
MNH9,10:02:42,4487.6000,1
MNH9,10:02:42,4487.6000,1
MNH9,10:02:42,4228.7000,1
MNH9,10:02:42,4399.2600,1
MNH9,10:02:42,4356.1300,1
MNH9,10:02:49,4398.2400,1
MNH9,10:02:53,4138.5600,40
MNH9,10:02:53,4223.8000,30
MNH9,10:02:53,4353.1000,5
MNH9,10:02:53,4265.9100,40
MNH9,10:02:53,4394.1600,4
MNH9,10:02:53,4135.6800,58
MNH9,10:02:53,4264.9200,20
MNH9,10:02:53,4221.8400,70
MNH9,10:02:53,4308.0000,15
MNH9,10:02:53,4178.7600,70
MNH9,10:02:53,4351.0800,30
MNH9,10:02:53,4480.3200,30
MNH9,10:02:53,4308.0000,5
MNH9,10:02:53,4523.4000,30
MNH9,10:02:53,4351.0800,30
MNH9,10:02:53,4092.6000,10
MNH9,10:02:53,4480.3200,5
MNH9,10:02:53,4264.9200,30
MNH9,10:02:53,4393.1400,1
MNH9,10:02:53,4479.2800,1
MNH9,10:02:53,4480.3200,1
MNH9,10:02:54,4091.6500,1
MNH9,10:03:01,4304.0000,13
MNH9,10:03:16,4217.9200,7
MNH9,10:03:16,4519.2000,40
MNH9,10:03:16,4518.1500,30
MNH9,10:03:16,4129.9200,1
MNH9,10:03:16,4388.0400,1
MNH9,10:03:16,4388.0400,1
MNH9,10:03:16,4215.9600,5
MNH9,10:03:16,4085.9500,1
MNH9,10:03:16,4429.0000,5
MNH9,10:03:16,4214.0000,1
MNH9,10:03:16,4300.0000,1
MNH9,10:03:16,4472.0000,10
MNH9,10:03:16,4257.0000,41
MNH9,10:03:16,4472.0000,6
MNH9,10:03:16,4343.0000,3
MNH9,10:03:16,4388.0400,1
MNH9,10:03:16,4086.9000,3
MNH9,10:03:16,4086.9000,1
MNH9,10:03:16,4302.0000,1
MNH9,10:03:16,4302.0000,1
MNH9,10:03:16,4387.0200,5
MNH9,10:03:19,4216.9400,1
MNH9,10:03:19,4476.1600,1
MNH9,10:03:19,4174.8800,1
MNH9,10:03:19,4476.1600,1
MNH9,10:03:19,4259.9700,4
MNH9,10:03:19,4475.1200,40
MNH9,10:03:19,4215.9600,10
MNH9,10:03:19,4387.0200,25
MNH9,10:03:19,4085.0000,3
MNH9,10:03:19,4343.0000,1
MNH9,10:03:19,4085.0000,30
MNH9,10:03:19,4128.0000,20
MNH9,10:03:19,4429.0000,1
MNH9,10:03:19,4085.0000,3
MNH9,10:03:19,4128.0000,16
MNH9,10:03:19,4172.9400,3
MNH9,10:03:26,4518.1500,1
MNH9,10:03:36,4518.1500,2
MNH9,10:03:36,4346.0300,40
MNH9,10:03:36,4130.8800,20
MNH9,10:03:36,4389.0600,3
MNH9,10:03:36,4346.0300,5
MNH9,10:03:36,4172.9400,1
MNH9,10:03:36,4386.0000,30
MNH9,10:03:36,4214.0000,15
MNH9,10:03:36,4472.0000,10
MNH9,10:03:36,4300.0000,1
MNH9,10:03:36,4085.0000,7
MNH9,10:03:36,4214.0000,3
MNH9,10:03:36,4171.0000,3
MNH9,10:03:36,4128.0000,7
MNH9,10:03:36,4258.9800,3
MNH9,10:03:36,4172.9400,2
MNH9,10:03:40,4475.1200,1
MNH9,10:03:42,4089.7500,1
MNH9,10:03:42,4176.8200,1
MNH9,10:03:42,4219.8800,5
MNH9,10:03:55,4130.8800,5
MNH9,10:03:55,4130.8800,5
MNH9,10:03:56,4132.8000,1
MNH9,10:03:59,4259.9700,5
MNH9,10:03:59,4518.1500,5
MNH9,10:04:01,4433.1200,1
MNH9,10:04:01,4260.9600,12
MNH9,10:04:01,4216.9400,10
MNH9,10:04:05,4518.1500,8
MNH9,10:04:05,4389.0600,2
MNH9,10:04:07,4173.9100,10
MNH9,10:04:11,4087.8500,10
MNH9,10:04:13,4173.9100,10
MNH9,10:04:16,4390.0800,10
MNH9,10:04:19,4131.8400,10
MNH9,10:04:36,4176.8200,1
MNH9,10:04:37,4262.9400,14
MNH9,10:04:37,4089.7500,20
MNH9,10:04:37,4089.7500,20
MNH9,10:04:50,4087.8500,10
MNH9,10:04:50,4432.0900,10
MNH9,10:04:52,4130.8800,80
MNH9,10:04:52,4475.1200,32
MNH9,10:04:52,4432.0900,1
MNH9,10:04:52,4087.8500,1
MNH9,10:04:52,4346.0300,1
MNH9,10:04:52,4432.0900,5
MNH9,10:04:53,4469.9200,2
MNH9,10:04:54,4255.0200,1
MNH9,10:04:59,4339.9700,15
MNH9,10:04:59,4339.9700,1
MNH9,10:04:59,4467.8400,1
MNH9,10:04:59,4081.2000,20
MNH9,10:04:59,4124.1600,1
MNH9,10:04:59,4252.0500,2
MNH9,10:04:59,4380.9000,5
MNH9,10:04:59,4295.0000,5
MNH9,10:04:59,4295.0000,1
MNH9,10:04:59,4209.1000,38
MNH9,10:04:59,4336.9400,2
MNH9,10:04:59,4379.8800,1
MNH9,10:04:59,4337.9500,1
MNH9,10:05:01,4508.7000,1
MNH9,10:05:01,4508.7000,13
MNH9,10:05:07,4168.0900,1
MNH9,10:05:07,4425.9100,5
MNH9,10:05:12,4297.0000,9
MNH9,10:05:13,4340.9800,1
MNH9,10:05:13,4512.9000,1
MNH9,10:05:13,4298.0000,1
MNH9,10:05:13,4212.0400,5
MNH9,10:05:13,4426.9400,1
MNH9,10:05:14,4084.0500,5
MNH9,10:05:33,4518.1500,1
MNH9,10:05:33,4431.0600,1
MNH9,10:05:33,4129.9200,1
MNH9,10:05:33,4388.0400,11
MNH9,10:05:55,4088.8000,2
MNH9,10:05:55,4174.8800,2
MNH9,10:05:55,4433.1200,1
MNH9,10:06:01,4347.0400,13
MNH9,10:06:07,4259.9700,3
MNH9,10:06:11,4091.6500,1
MNH9,10:06:11,4308.0000,1
MNH9,10:06:11,4351.0800,1
MNH9,10:06:11,4480.3200,1
MNH9,10:06:12,4264.9200,3
MNH9,10:06:12,4481.3600,5
MNH9,10:06:12,4137.6000,1
MNH9,10:06:12,4223.8000,5
MNH9,10:06:12,4266.9000,10
MNH9,10:06:12,4439.3000,40
MNH9,10:06:12,4482.4000,1
MNH9,10:06:12,4224.7800,1
MNH9,10:06:12,4095.4500,1
MNH9,10:06:12,4397.2200,1
MNH9,10:06:12,4526.5500,1
MNH9,10:06:12,4269.8700,1
MNH9,10:06:12,4356.1300,5
MNH9,10:06:12,4184.5800,14
MNH9,10:06:16,4351.0800,1
MNH9,10:06:17,4392.1200,1
MNH9,10:06:17,4349.0600,1
MNH9,10:06:17,4262.9400,1
MNH9,10:06:17,4176.8200,1
MNH9,10:06:17,4349.0600,5
MNH9,10:06:18,4088.8000,1
MNH9,10:06:19,4261.9500,1
MNH9,10:06:22,4261.9500,1
MNH9,10:06:23,4261.9500,1
MNH9,10:06:25,4392.1200,1
MNH9,10:06:25,4091.6500,2
MNH9,10:06:41,4175.8500,2
MNH9,10:06:41,4261.9500,15
MNH9,10:06:41,4175.8500,1
MNH9,10:06:41,4305.0000,11
MNH9,10:06:41,4218.9000,5
MNH9,10:06:41,4520.2500,5
MNH9,10:06:41,4261.9500,5
MNH9,10:06:41,4348.0500,5
MNH9,10:06:41,4218.9000,5
MNH9,10:06:41,4348.0500,5
MNH9,10:06:41,4089.7500,10
MNH9,10:06:42,4477.2000,5
MNH9,10:06:42,4089.7500,1
MNH9,10:06:42,4089.7500,5
MNH9,10:06:43,4089.7500,5
MNH9,10:06:43,4305.0000,30
MNH9,10:06:44,4132.8000,20
MNH9,10:06:44,4132.8000,30
MNH9,10:06:44,4520.2500,20
MNH9,10:06:47,4349.0600,40
MNH9,10:06:47,4176.8200,5
MNH9,10:06:47,4090.7000,1
MNH9,10:06:47,4478.2400,4
MNH9,10:06:47,4349.0600,1
MNH9,10:06:49,4089.7500,3
MNH9,10:07:01,4134.7200,13
MNH9,10:07:07,4222.8200,20
MNH9,10:07:08,4481.3600,2
MNH9,10:07:09,4093.5500,1
MNH9,10:07:09,4395.1800,1
MNH9,10:07:10,4222.8200,2
MNH9,10:07:14,4393.1400,3
MNH9,10:07:15,4436.2100,1
MNH9,10:07:27,4262.9400,3
MNH9,10:07:27,4434.1500,12
MNH9,10:07:36,4259.9700,10
MNH9,10:07:36,4388.0400,1
MNH9,10:07:36,4431.0600,5
MNH9,10:07:36,4388.0400,1
MNH9,10:07:36,4086.9000,5
MNH9,10:07:36,4085.9500,1
MNH9,10:07:36,4171.9700,1
MNH9,10:07:36,4257.9900,5
MNH9,10:07:36,4430.0300,1
MNH9,10:07:36,4473.0400,1
MNH9,10:07:36,4257.9900,1
MNH9,10:07:36,4387.0200,1
MNH9,10:07:36,4128.9600,1
MNH9,10:07:36,4214.0000,1
MNH9,10:07:36,4214.0000,1
MNH9,10:07:36,4468.8800,1
MNH9,10:07:36,4125.1200,1
MNH9,10:07:38,4081.2000,1
MNH9,10:07:38,4078.3500,1
MNH9,10:07:38,4078.3500,3
MNH9,10:07:38,4377.8400,10
MNH9,10:07:40,4376.8200,20
MNH9,10:07:40,4419.7300,1
MNH9,10:07:40,4119.3600,9
MNH9,10:07:40,4204.2000,2
MNH9,10:07:40,4461.6000,1
MNH9,10:07:40,4247.1000,1
MNH9,10:07:40,4332.9000,1
MNH9,10:07:40,4459.5200,1
MNH9,10:07:40,4245.1200,1
MNH9,10:07:40,4459.5200,1
MNH9,10:07:40,4159.3600,2
MNH9,10:07:40,4458.4800,5
MNH9,10:07:40,4371.7200,2
MNH9,10:07:40,4071.7000,1
MNH9,10:07:40,4328.8600,5
MNH9,10:07:40,4199.3000,3
MNH9,10:07:40,4499.2500,2
MNH9,10:07:40,4070.7500,1
MNH9,10:07:40,4199.3000,1
MNH9,10:07:40,4499.2500,2
MNH9,10:07:40,4285.0000,3
MNH9,10:07:40,4112.6400,1
MNH9,10:07:40,4069.8000,1
MNH9,10:07:40,4155.4800,1
MNH9,10:07:40,4369.6800,5
MNH9,10:07:40,4197.3400,1
MNH9,10:07:40,4202.2400,1
MNH9,10:07:40,4502.4000,1
MNH9,10:07:40,4330.8800,1
MNH9,10:07:40,4368.6600,1
MNH9,10:07:40,4284.0000,6
MNH9,10:07:40,4287.0000,5
MNH9,10:07:40,4458.4800,2
MNH9,10:07:40,4201.2600,1
MNH9,10:07:40,4501.3500,2
MNH9,10:07:41,4372.7400,1
MNH9,10:07:41,4458.4800,1
MNH9,10:07:41,4158.3900,2
MNH9,10:07:41,4069.8000,5
MNH9,10:07:41,4283.0000,1
MNH9,10:07:41,4240.1700,4
MNH9,10:07:41,4240.1700,1
MNH9,10:07:41,4067.9000,1
MNH9,10:07:41,4153.5400,2
MNH9,10:07:41,4239.1800,1
MNH9,10:07:41,4371.7200,1
MNH9,10:07:41,4415.6100,1
MNH9,10:07:41,4157.4200,1
MNH9,10:07:41,4500.3000,2
MNH9,10:07:41,4243.1400,2
MNH9,10:07:41,4454.3200,5
MNH9,10:07:41,4496.1000,1
MNH9,10:07:41,4324.8200,1
MNH9,10:07:41,4410.4600,3
MNH9,10:07:41,4239.1800,2
MNH9,10:07:41,4324.8200,3
MNH9,10:07:41,4157.4200,1
MNH9,10:07:41,4327.8500,1
MNH9,10:07:41,4154.5100,5
MNH9,10:07:41,4240.1700,19
MNH9,10:07:42,4067.9000,1
MNH9,10:07:42,4109.7600,10
MNH9,10:07:42,4409.4300,5
MNH9,10:07:42,4366.6200,5
MNH9,10:07:42,4109.7600,2
MNH9,10:07:42,4066.9500,1
MNH9,10:07:42,4409.4300,1
MNH9,10:07:42,4495.0500,5
MNH9,10:07:42,4280.0000,1
MNH9,10:07:42,4451.2000,2
MNH9,10:07:42,4365.6000,1
MNH9,10:07:42,4108.8000,1
MNH9,10:07:42,4322.8000,30
MNH9,10:07:42,4280.0000,1
MNH9,10:07:42,4494.0000,1
MNH9,10:07:42,4237.2000,1
MNH9,10:07:42,4365.6000,32
MNH9,10:07:42,4452.2400,5
MNH9,10:07:42,4365.6000,8
MNH9,10:07:42,4365.6000,5
MNH9,10:07:42,4364.5800,1
MNH9,10:07:42,4492.9500,1
MNH9,10:07:42,4279.0000,4
MNH9,10:07:42,4363.5600,1
MNH9,10:07:42,4451.2000,1
MNH9,10:07:42,4108.8000,1
MNH9,10:07:42,4494.0000,1
MNH9,10:07:42,4154.5100,1
MNH9,10:07:42,4111.6800,1
MNH9,10:07:42,4283.0000,1
MNH9,10:07:42,4108.8000,2
MNH9,10:07:42,4066.0000,40
MNH9,10:07:42,4108.8000,1
MNH9,10:07:42,4236.2100,5
MNH9,10:07:42,4321.7900,2
MNH9,10:07:42,4107.8400,5
MNH9,10:07:42,4321.7900,1
MNH9,10:07:42,4321.7900,4
MNH9,10:07:42,4450.1600,1
MNH9,10:07:42,4278.0000,1
MNH9,10:07:42,4278.0000,3
MNH9,10:07:42,4320.7800,2
MNH9,10:07:42,4106.8800,1
MNH9,10:07:42,4490.8500,1
MNH9,10:07:42,4319.7700,1
MNH9,10:07:42,4105.9200,5
MNH9,10:07:42,4405.3100,1
MNH9,10:07:42,4319.7700,1
MNH9,10:07:42,4062.2000,3
MNH9,10:07:42,4404.2800,5
MNH9,10:07:42,4110.7200,1
MNH9,10:07:42,4496.1000,1
MNH9,10:07:42,4410.4600,1
MNH9,10:07:42,4106.8800,5
MNH9,10:07:42,4277.0000,3
MNH9,10:07:42,4066.9500,1
MNH9,10:07:42,4282.0000,1
MNH9,10:07:43,4280.0000,5
MNH9,10:07:43,4240.1700,1
MNH9,10:07:43,4454.3200,5
MNH9,10:07:43,4368.6600,1
MNH9,10:07:45,4069.8000,5
MNH9,10:07:45,4369.6800,5
MNH9,10:07:45,4324.8200,5
MNH9,10:07:45,4067.9000,15
MNH9,10:07:45,4153.5400,3
MNH9,10:07:45,4285.0000,1
MNH9,10:07:45,4499.2500,2
MNH9,10:07:45,4113.6000,2
MNH9,10:07:45,4370.7000,1
MNH9,10:07:46,4114.5600,5
MNH9,10:07:46,4286.0000,33
MNH9,10:07:48,4156.4500,1
MNH9,10:07:55,4200.2800,5
MNH9,10:07:55,4071.7000,5
MNH9,10:08:01,4070.7500,1
MNH9,10:08:01,4198.3200,3
MNH9,10:08:01,4498.2000,2
MNH9,10:08:01,4241.1600,1
MNH9,10:08:01,4369.6800,1
MNH9,10:08:01,4198.3200,10
MNH9,10:08:03,4329.8700,1
MNH9,10:08:04,4201.2600,9
MNH9,10:08:07,4501.3500,1
MNH9,10:08:10,4370.7000,3
MNH9,10:08:10,4069.8000,5
MNH9,10:08:10,4112.6400,32
MNH9,10:08:12,4286.0000,1
MNH9,10:08:12,4243.1400,1
MNH9,10:08:13,4330.8800,1
MNH9,10:08:13,4073.6000,4
MNH9,10:08:26,4330.8800,1
MNH9,10:08:40,4288.0000,8
MNH9,10:08:40,4330.8800,4
MNH9,10:08:40,4416.6400,3
MNH9,10:08:40,4459.5200,1
MNH9,10:08:40,4373.7600,5
MNH9,10:08:40,4459.5200,3
MNH9,10:08:40,4245.1200,1
MNH9,10:08:41,4459.5200,1
MNH9,10:08:41,4245.1200,3
MNH9,10:08:42,4416.6400,5
MNH9,10:08:42,4245.1200,1
MNH9,10:08:46,4156.4500,1
MNH9,10:08:46,4199.3000,2
MNH9,10:08:56,4198.3200,2
MNH9,10:08:59,4155.4800,2
MNH9,10:08:59,4368.6600,5
MNH9,10:08:59,4283.0000,2
MNH9,10:08:59,4411.4900,1
MNH9,10:08:59,4068.8500,1
MNH9,10:08:59,4197.3400,1
MNH9,10:08:59,4197.3400,1
MNH9,10:08:59,4368.6600,1
MNH9,10:08:59,4068.8500,1
MNH9,10:08:59,4154.5100,1
MNH9,10:08:59,4111.6800,1
MNH9,10:08:59,4154.5100,1
MNH9,10:08:59,4068.8500,1
MNH9,10:08:59,4283.0000,1
MNH9,10:08:59,4240.1700,1
MNH9,10:08:59,4411.4900,1
MNH9,10:08:59,4110.7200,2
MNH9,10:08:59,4067.9000,5
MNH9,10:08:59,4496.1000,1
MNH9,10:08:59,4410.4600,1
MNH9,10:08:59,4453.2800,1
MNH9,10:08:59,4496.1000,1
MNH9,10:08:59,4367.6400,1
MNH9,10:08:59,4453.2800,1
MNH9,10:08:59,4239.1800,1
MNH9,10:08:59,4410.4600,1
MNH9,10:08:59,4067.9000,1
MNH9,10:08:59,4196.3600,1
MNH9,10:08:59,4239.1800,1
MNH9,10:08:59,4367.6400,1
MNH9,10:08:59,4367.6400,3
MNH9,10:08:59,4324.8200,40
MNH9,10:08:59,4152.5700,4
MNH9,10:08:59,4452.2400,1
MNH9,10:08:59,4494.0000,3
MNH9,10:08:59,4151.6000,1
MNH9,10:09:00,4066.0000,1
MNH9,10:09:00,4148.6900,1
MNH9,10:09:00,4061.2500,1
MNH9,10:09:00,4404.2800,2
MNH9,10:09:05,4275.0000,1
MNH9,10:09:05,4104.0000,4
MNH9,10:09:05,4446.0000,1
MNH9,10:09:05,4145.7800,2
MNH9,10:09:06,4442.8800,1
MNH9,10:09:06,4272.0000,19
MNH9,10:09:06,4314.7200,2
MNH9,10:09:09,4147.7200,1
MNH9,10:09:15,4356.4200,1
MNH9,10:09:15,4356.4200,2
MNH9,10:09:15,4143.8400,1
MNH9,10:09:15,4101.1200,5
MNH9,10:09:18,4399.1300,1
MNH9,10:09:18,4485.6000,5
MNH9,10:09:22,4356.4200,4
MNH9,10:09:22,4356.4200,5
MNH9,10:09:22,4142.8700,2
MNH9,10:09:23,4399.1300,21
MNH9,10:09:23,4057.4500,2
MNH9,10:09:23,4483.5000,1
MNH9,10:09:23,4227.3000,1
MNH9,10:09:23,4184.6000,2
MNH9,10:09:23,4352.3400,3
MNH9,10:09:23,4395.0100,2
MNH9,10:09:23,4266.0000,1
MNH9,10:09:23,4435.6000,5
MNH9,10:09:23,4178.7200,1
MNH9,10:09:23,4178.7200,5
MNH9,10:09:23,4221.3600,1
MNH9,10:09:23,4391.9200,4
MNH9,10:09:23,4178.7200,40
MNH9,10:09:23,4433.5200,1
MNH9,10:09:23,4220.3700,1
MNH9,10:09:23,4220.3700,1
MNH9,10:09:23,4177.7400,1
MNH9,10:09:23,4048.9000,1
MNH9,10:09:23,4389.8600,1
MNH9,10:09:23,4048.9000,30
MNH9,10:09:23,4389.8600,30
MNH9,10:09:23,4388.8300,10
MNH9,10:09:23,4388.8300,5
MNH9,10:09:23,4133.1700,5
MNH9,10:09:23,4133.1700,1
MNH9,10:09:23,4047.9500,1
MNH9,10:09:23,4387.8000,2
MNH9,10:09:23,4047.0000,11
MNH9,10:09:23,4345.2000,4
MNH9,10:09:23,4174.8000,8
MNH9,10:09:23,4132.2000,5
MNH9,10:09:23,4387.8000,2
MNH9,10:09:23,4260.0000,1
MNH9,10:09:23,4174.8000,1
MNH9,10:09:23,4430.4000,1
MNH9,10:09:23,4174.8000,1
MNH9,10:09:23,4089.6000,2
MNH9,10:09:23,4260.0000,117
MNH9,10:09:23,4307.6500,1
MNH9,10:09:23,4307.6500,1
MNH9,10:09:23,4137.0500,1
MNH9,10:09:23,4433.5200,1
MNH9,10:09:23,4434.5600,1
MNH9,10:09:24,4348.2600,1
MNH9,10:09:24,4350.3000,1
MNH9,10:09:24,4222.3500,4
MNH9,10:09:24,4051.7500,4
MNH9,10:09:24,4434.5600,2
MNH9,10:09:24,4351.3200,1
MNH9,10:09:24,4309.6700,5
MNH9,10:09:24,4053.6500,5
MNH9,10:09:24,4053.6500,1
MNH9,10:09:24,4138.9900,1
MNH9,10:09:24,4353.3600,5
MNH9,10:09:24,4225.3200,1
MNH9,10:09:24,4054.6000,1
MNH9,10:09:24,4055.5500,5
MNH9,10:09:24,4269.0000,40
MNH9,10:09:24,4099.2000,5
MNH9,10:09:24,4356.4200,5
MNH9,10:09:24,4484.5500,1
MNH9,10:09:24,4314.7200,24
MNH9,10:09:24,4352.3400,1
MNH9,10:09:24,4051.7500,3
MNH9,10:09:24,4094.4000,2
MNH9,10:09:26,4181.6600,5
MNH9,10:09:26,4437.6800,1
MNH9,10:09:26,4138.0200,5
MNH9,10:09:26,4222.3500,5
MNH9,10:09:26,4392.9500,40
MNH9,10:09:26,4222.3500,1
MNH9,10:09:26,4434.5600,3
MNH9,10:09:26,4093.4400,1
MNH9,10:09:26,4264.0000,1
MNH9,10:09:26,4135.1100,5
MNH9,10:09:26,4305.6300,1
MNH9,10:09:26,4433.5200,30
MNH9,10:09:26,4091.5200,2
MNH9,10:09:26,4218.3900,34
MNH9,10:09:26,4261.0000,10
MNH9,10:09:26,4345.2000,30
MNH9,10:09:26,4345.2000,1
MNH9,10:09:26,4089.6000,5
MNH9,10:09:26,4131.2300,1
MNH9,10:09:26,4386.7700,1
MNH9,10:09:26,4470.9000,150
MNH9,10:09:26,4469.8500,20
MNH9,10:09:26,4129.2900,1
MNH9,10:09:26,4171.8600,2
MNH9,10:09:26,4086.7200,1
MNH9,10:09:26,4044.1500,50
MNH9,10:09:26,4170.8800,36
MNH9,10:09:26,4266.0000,1
MNH9,10:09:26,4178.7200,1
MNH9,10:09:26,4434.5600,1
MNH9,10:09:26,4179.7000,1
MNH9,10:09:26,4351.3200,1
MNH9,10:09:26,4430.4000,1
MNH9,10:09:26,4095.3600,1
MNH9,10:09:26,4393.9800,1
MNH9,10:09:26,4392.9500,5
MNH9,10:09:27,4220.3700,1
MNH9,10:09:27,4052.7000,2
MNH9,10:09:27,4479.3000,2
MNH9,10:09:27,4093.4400,1
MNH9,10:09:27,4051.7500,12
MNH9,10:09:27,4137.0500,12
MNH9,10:09:27,4051.7500,1
MNH9,10:09:28,4137.0500,1
MNH9,10:09:28,4435.6000,1
MNH9,10:09:28,4179.7000,1
MNH9,10:09:29,4304.6200,4
MNH9,10:09:29,4091.5200,1
MNH9,10:09:29,4176.7600,4
MNH9,10:09:31,4221.3600,1
MNH9,10:09:34,4133.1700,5
MNH9,10:09:35,4344.1800,2
MNH9,10:09:35,4259.0000,7
MNH9,10:09:38,4132.2000,5
MNH9,10:09:38,4089.6000,18
MNH9,10:09:38,4174.8000,4
MNH9,10:09:38,4260.0000,40
MNH9,10:09:38,4386.7700,5
MNH9,10:09:38,4301.5900,1
MNH9,10:09:41,4259.0000,3
MNH9,10:09:42,4388.8300,2
MNH9,10:09:42,4302.6000,6
MNH9,10:09:44,4173.8200,2
MNH9,10:09:44,4301.5900,18
MNH9,10:09:46,4302.6000,1
MNH9,10:09:46,4132.2000,40
MNH9,10:09:46,4473.0000,2
MNH9,10:09:46,4302.6000,6
MNH9,10:09:46,4176.7600,5
MNH9,10:09:46,4176.7600,1
MNH9,10:09:46,4134.1400,4
MNH9,10:09:49,4178.7200,3
MNH9,10:09:49,4050.8000,1
MNH9,10:09:49,4306.6400,40
MNH9,10:09:49,4049.8500,2
MNH9,10:09:49,4219.3800,1
MNH9,10:09:49,4389.8600,2
MNH9,10:09:49,4347.2400,4
MNH9,10:09:56,4348.2600,2
MNH9,10:09:56,4177.7400,40
MNH9,10:09:56,4475.1000,1
MNH9,10:09:56,4260.0000,1
MNH9,10:09:59,4475.1000,1
MNH9,10:10:00,4176.7600,1
MNH9,10:10:00,4134.1400,1
MNH9,10:10:01,4389.8600,13
MNH9,10:10:02,4475.1000,13
MNH9,10:10:09,4177.7400,7
MNH9,10:10:15,4351.3200,2
MNH9,10:10:15,4220.3700,1
MNH9,10:10:17,4222.3500,1
MNH9,10:10:20,4435.6000,2
MNH9,10:10:22,4306.6400,1
MNH9,10:10:30,4262.0000,1
MNH9,10:10:30,4177.7400,5
MNH9,10:10:30,4348.2600,1
MNH9,10:10:35,4391.9200,1
MNH9,10:10:59,4477.2000,1
MNH9,10:10:59,4264.0000,1
MNH9,10:11:01,4221.3600,14
MNH9,10:11:08,4179.7000,5
MNH9,10:11:09,4178.7200,25
MNH9,10:11:09,4391.9200,4
MNH9,10:11:09,4093.4400,30
MNH9,10:11:09,4178.7200,5
MNH9,10:11:24,4305.6300,4
MNH9,10:11:24,4135.1100,1
MNH9,10:11:24,4135.1100,1
MNH9,10:11:24,4433.5200,4
MNH9,10:11:33,4306.6400,1
MNH9,10:11:33,4391.9200,3
MNH9,10:11:35,4177.7400,1
MNH9,10:11:35,4390.8900,9
MNH9,10:11:41,4349.2800,6
MNH9,10:11:41,4264.0000,6
MNH9,10:11:41,4434.5600,2
MNH9,10:11:41,4306.6400,3
MNH9,10:11:41,4221.3600,4
MNH9,10:11:41,4264.0000,1
MNH9,10:11:42,4093.4400,174
MNH9,10:12:01,4306.6400,5
MNH9,10:12:01,4178.7200,8
MNH9,10:12:21,4176.7600,1
MNH9,10:12:21,4432.4800,1
MNH9,10:12:21,4475.1000,8
MNH9,10:12:25,4263.0000,1
MNH9,10:12:27,4091.5200,2
MNH9,10:12:35,4262.0000,1
MNH9,10:12:35,4047.9500,1
MNH9,10:12:36,4430.4000,28
MNH9,10:12:36,4132.2000,2
MNH9,10:12:37,4430.4000,1
MNH9,10:12:37,4174.8000,20
MNH9,10:12:39,4260.0000,119
MNH9,10:12:39,4302.6000,49
MNH9,10:12:44,4341.1200,1
MNH9,10:12:44,4298.5600,1
MNH9,10:12:44,4085.7600,1
MNH9,10:12:44,4043.2000,9
MNH9,10:12:44,4128.3200,5
MNH9,10:12:44,4085.7600,22
MNH9,10:12:44,4468.8000,5
MNH9,10:12:44,4043.2000,13
MNH9,10:12:45,4298.5600,1
MNH9,10:12:46,4341.1200,2
MNH9,10:12:48,4468.8000,1
MNH9,10:12:49,4298.5600,1
MNH9,10:12:53,4256.0000,61
MNH9,10:12:53,4425.2000,5
MNH9,10:12:53,4340.1000,1
MNH9,10:12:53,4297.5500,33
MNH9,10:12:57,4383.6800,1
MNH9,10:12:57,4171.8600,5
MNH9,10:12:57,4469.8500,4
MNH9,10:13:01,4127.3500,13
MNH9,10:13:07,4127.3500,4
MNH9,10:13:09,4256.0000,3
MNH9,10:13:09,4298.5600,3
MNH9,10:13:14,4297.5500,20
MNH9,10:13:18,4467.7500,3
MNH9,10:13:20,4382.6500,3
MNH9,10:13:22,4255.0000,4
MNH9,10:13:27,4425.2000,2
MNH9,10:13:27,4297.5500,1
MNH9,10:13:31,4382.6500,1
MNH9,10:13:32,4382.6500,3
MNH9,10:13:32,4255.0000,5
MNH9,10:13:32,4169.9000,5
MNH9,10:13:32,4042.2500,3
MNH9,10:13:36,4464.6000,4
MNH9,10:13:36,4464.6000,1
MNH9,10:13:36,4124.4400,5
MNH9,10:13:36,4337.0400,1
MNH9,10:13:36,4166.9600,14
MNH9,10:13:36,4379.5600,3
MNH9,10:13:36,4166.9600,5
MNH9,10:13:39,4381.6200,1
MNH9,10:13:43,4212.4500,1
MNH9,10:13:44,4041.3000,5
MNH9,10:13:44,4466.7000,1
MNH9,10:13:44,4295.5300,1
MNH9,10:13:44,4083.8400,1
MNH9,10:13:44,4422.0800,7
MNH9,10:13:44,4081.9200,40
MNH9,10:13:44,4081.9200,10
MNH9,10:13:45,4125.4100,1
MNH9,10:13:46,4252.0000,5
MNH9,10:13:53,4039.4000,1
MNH9,10:13:53,4166.9600,15
MNH9,10:13:53,4463.5500,1
MNH9,10:13:53,4123.4700,5
MNH9,10:13:53,4123.4700,5
MNH9,10:13:53,4293.5100,100
MNH9,10:13:53,4463.5500,25
MNH9,10:13:53,4165.0000,100
MNH9,10:13:53,4377.5000,100
MNH9,10:13:53,4037.5000,2
MNH9,10:13:53,4462.5000,1
MNH9,10:13:53,4165.0000,1
MNH9,10:13:53,4335.0000,1
MNH9,10:13:53,4080.0000,5
MNH9,10:13:53,4462.5000,5
MNH9,10:13:54,4376.4700,1
MNH9,10:13:54,4121.5300,4
MNH9,10:13:54,4249.0000,1
MNH9,10:13:54,4376.4700,5
MNH9,10:13:54,4079.0400,34
MNH9,10:13:54,4205.5200,1
MNH9,10:13:54,4160.1000,1
MNH9,10:13:54,4031.8000,2
MNH9,10:13:54,4371.3200,4
MNH9,10:13:54,4372.3500,7
MNH9,10:13:54,4415.8400,1
MNH9,10:13:54,4031.8000,20
MNH9,10:13:54,4244.0000,20
MNH9,10:14:00,4286.4400,2
MNH9,10:14:00,4159.1200,18
MNH9,10:14:00,4455.1500,1
MNH9,10:14:00,4455.1500,5
MNH9,10:14:00,4329.9000,3
MNH9,10:14:01,4071.3600,10
MNH9,10:14:01,4410.6400,4
MNH9,10:14:03,4410.6400,1
MNH9,10:14:03,4283.4100,5
MNH9,10:14:03,4367.2000,2
MNH9,10:14:03,4197.6000,1
MNH9,10:14:03,4409.6000,1
MNH9,10:14:03,4409.6000,2
MNH9,10:14:03,4154.2200,1
MNH9,10:14:03,4195.6200,1
MNH9,10:14:12,4068.4800,1
MNH9,10:14:13,4027.0500,1
MNH9,10:14:14,4240.0000,1
MNH9,10:14:14,4029.9000,7
MNH9,10:14:15,4201.5600,40
MNH9,10:14:15,4374.4100,3
MNH9,10:14:15,4077.1200,1
MNH9,10:14:16,4289.4700,1
MNH9,10:14:17,4416.8800,6
MNH9,10:14:22,4121.5300,1
MNH9,10:14:22,4164.0200,1
MNH9,10:14:31,4079.0400,3
MNH9,10:14:31,4037.5000,5
MNH9,10:14:31,4462.5000,2
MNH9,10:14:31,4207.5000,40
MNH9,10:14:31,4336.0200,1
MNH9,10:14:31,4208.4900,1
MNH9,10:14:31,4337.0400,6
MNH9,10:14:31,4166.9600,1
MNH9,10:14:31,4464.6000,1
MNH9,10:14:33,4123.4700,2
MNH9,10:14:37,4211.4600,1
MNH9,10:14:37,4041.3000,2
MNH9,10:14:37,4466.7000,40
MNH9,10:14:37,4169.9000,1
MNH9,10:14:37,4042.2500,4
MNH9,10:14:38,4427.2800,1
MNH9,10:14:42,4382.6500,1
MNH9,10:14:44,4299.5700,1
MNH9,10:14:44,4470.9000,2
MNH9,10:14:44,4045.1000,2
MNH9,10:14:46,4301.5900,1
MNH9,10:14:46,4301.5900,40
MNH9,10:14:46,4216.4100,1
MNH9,10:14:49,4301.5900,3
MNH9,10:14:52,4047.0000,15
MNH9,10:14:52,4217.4000,5
MNH9,10:14:53,4345.2000,2
MNH9,10:14:54,4089.6000,46
MNH9,10:14:54,4387.8000,1
MNH9,10:14:54,4430.4000,1
MNH9,10:14:54,4387.8000,1
MNH9,10:14:54,4430.4000,1
MNH9,10:14:54,4430.4000,1
MNH9,10:14:54,4473.0000,1
MNH9,10:14:54,4132.2000,5
MNH9,10:14:54,4473.0000,46
MNH9,10:14:54,4302.6000,15
MNH9,10:14:54,4473.0000,25
MNH9,10:14:54,4132.2000,5
MNH9,10:14:54,4473.0000,4
MNH9,10:14:54,4047.0000,3
MNH9,10:14:54,4260.0000,56
MNH9,10:14:54,4047.0000,1
MNH9,10:14:54,4132.2000,1
MNH9,10:14:54,4132.2000,1
MNH9,10:14:54,4430.4000,3
MNH9,10:14:54,4047.0000,40
MNH9,10:14:54,4089.6000,2
MNH9,10:14:54,4089.6000,1
MNH9,10:14:55,4047.0000,20
MNH9,10:14:57,4132.2000,14
MNH9,10:14:57,4260.0000,1
MNH9,10:14:58,4429.3600,4
MNH9,10:14:59,4474.0500,1
MNH9,10:15:00,4047.9500,2
MNH9,10:15:00,4386.7700,1
MNH9,10:15:00,4429.3600,1
MNH9,10:15:00,4301.5900,2
MNH9,10:15:00,4087.6800,5
MNH9,10:15:00,4385.7400,1
MNH9,10:15:00,4343.1600,40
MNH9,10:15:00,4129.2900,5
MNH9,10:15:00,4427.2800,1
MNH9,10:15:00,4299.5700,1
MNH9,10:15:00,4128.3200,3
MNH9,10:15:01,4341.1200,1
MNH9,10:15:01,4128.3200,1
MNH9,10:15:02,4168.9200,1
MNH9,10:15:09,4295.5300,1
MNH9,10:15:09,4338.0600,1
MNH9,10:15:09,4381.6200,1
MNH9,10:15:13,4254.0000,1
MNH9,10:15:16,4123.4700,3
MNH9,10:15:16,4080.9600,40
MNH9,10:15:16,4378.5300,4
MNH9,10:15:16,4293.5100,1
MNH9,10:15:16,4208.4900,1
MNH9,10:15:16,4123.4700,1
MNH9,10:15:16,4250.0000,1
MNH9,10:15:16,4462.5000,1
MNH9,10:15:17,4206.5100,2
MNH9,10:15:28,4292.5000,4
MNH9,10:15:30,4337.0400,1
MNH9,10:15:32,4338.0600,1
MNH9,10:15:36,4340.1000,1
MNH9,10:15:36,4255.0000,1
MNH9,10:15:36,4382.6500,1
MNH9,10:15:36,4341.1200,5
MNH9,10:15:36,4341.1200,5
MNH9,10:15:36,4298.5600,7
MNH9,10:15:56,4339.0800,5
MNH9,10:15:56,4086.7200,5
MNH9,10:15:56,4470.9000,13
MNH9,10:15:56,4087.6800,5
MNH9,10:15:56,4259.0000,1
MNH9,10:15:56,4344.1800,1
MNH9,10:15:56,4088.6400,1
MNH9,10:15:56,4429.3600,7
MNH9,10:15:59,4341.1200,1
MNH9,10:16:01,4467.7500,1
MNH9,10:16:01,4297.5500,1
MNH9,10:16:04,4297.5500,1
MNH9,10:16:11,4340.1000,10
MNH9,10:16:22,4426.2400,1
MNH9,10:16:23,4340.1000,1
MNH9,10:16:23,4297.5500,3
MNH9,10:16:23,4382.6500,1
MNH9,10:16:23,4297.5500,3
MNH9,10:16:29,4212.4500,5
MNH9,10:16:40,4340.1000,1
MNH9,10:16:43,4129.2900,5
MNH9,10:16:43,4300.5800,5
MNH9,10:16:43,4088.6400,5
MNH9,10:16:43,4088.6400,1
MNH9,10:16:43,4344.1800,34
MNH9,10:16:53,4300.5800,5
MNH9,10:16:53,4259.0000,5
MNH9,10:16:53,4089.6000,5
MNH9,10:16:53,4088.6400,2
MNH9,10:16:58,4259.0000,2
MNH9,10:17:01,4471.9500,1
MNH9,10:17:01,4045.1000,5
MNH9,10:17:01,4171.8600,8
MNH9,10:17:12,4389.8600,1
MNH9,10:17:13,4219.3800,1
MNH9,10:17:15,4391.9200,5
MNH9,10:17:15,4138.0200,1
MNH9,10:17:15,4308.6600,1
MNH9,10:17:15,4436.6400,1
MNH9,10:17:15,4094.4000,1
MNH9,10:17:22,4437.6800,1
MNH9,10:17:22,4437.6800,1
MNH9,10:17:22,4270.0000,2
MNH9,10:17:22,4312.7000,5
MNH9,10:17:22,4313.7100,13
MNH9,10:17:23,4101.1200,5
MNH9,10:17:25,4056.5000,1
MNH9,10:17:33,4271.0000,1
MNH9,10:17:34,4399.1300,2
MNH9,10:17:36,4356.4200,1
MNH9,10:17:37,4230.2700,1
MNH9,10:17:37,4231.2600,2
MNH9,10:17:37,4188.5200,1
MNH9,10:17:37,4487.7000,5
MNH9,10:17:37,4316.7400,2
MNH9,10:17:38,4318.7600,1
MNH9,10:17:38,4489.8000,1
MNH9,10:17:40,4147.7200,1
MNH9,10:17:41,4277.0000,1
MNH9,10:17:42,4147.7200,4
MNH9,10:17:43,4103.0400,1
MNH9,10:17:43,4188.5200,1
MNH9,10:17:43,4144.8100,5
MNH9,10:17:43,4187.5400,1
MNH9,10:17:43,4186.5600,2
MNH9,10:17:43,4058.4000,1
MNH9,10:17:45,4146.7500,5
MNH9,10:17:45,4104.9600,5
MNH9,10:17:45,4104.9600,5
MNH9,10:17:45,4277.0000,4
MNH9,10:17:45,4063.1500,40
MNH9,10:17:45,4064.1000,2
MNH9,10:17:45,4106.8800,5
MNH9,10:17:45,4106.8800,1
MNH9,10:17:45,4064.1000,1
MNH9,10:17:45,4320.7800,1
MNH9,10:17:45,4407.3700,5
MNH9,10:17:45,4236.2100,1
MNH9,10:17:45,4407.3700,124
MNH9,10:17:45,4321.7900,1
MNH9,10:17:47,4149.6600,5
MNH9,10:17:47,4320.7800,1
MNH9,10:17:47,4406.3400,1
MNH9,10:17:49,4234.2300,1
MNH9,10:17:49,4063.1500,1
MNH9,10:18:01,4231.2600,13
MNH9,10:18:05,4188.5200,1
MNH9,10:18:18,4104.9600,1
MNH9,10:18:21,4362.5400,1
MNH9,10:18:24,4362.5400,1
MNH9,10:18:25,4148.6900,1
MNH9,10:18:29,4148.6900,1
MNH9,10:18:33,4405.3100,1
MNH9,10:18:33,4277.0000,3
MNH9,10:18:33,4405.3100,18
MNH9,10:18:53,4235.2200,1
MNH9,10:18:53,4320.7800,1
MNH9,10:18:53,4363.5600,1
MNH9,10:18:53,4149.6600,2
MNH9,10:19:01,4276.0000,5
MNH9,10:19:01,4447.0400,8
MNH9,10:19:17,4278.0000,1
MNH9,10:19:17,4491.9000,1
MNH9,10:19:17,4192.4400,5
MNH9,10:19:17,4193.4200,3
MNH9,10:19:20,4233.2400,1
MNH9,10:19:20,4489.8000,1
MNH9,10:19:20,4233.2400,1
MNH9,10:19:20,4318.7600,1
MNH9,10:19:44,4146.7500,1
MNH9,10:19:44,4314.7200,1
MNH9,10:19:44,4186.5600,2
MNH9,10:19:50,4481.4000,1
MNH9,10:19:50,4396.0400,1
MNH9,10:19:51,4052.7000,1
MNH9,10:19:51,4392.9500,1
MNH9,10:19:51,4266.0000,3
MNH9,10:19:51,4435.6000,1
MNH9,10:19:53,4396.0400,1
MNH9,10:19:53,4097.2800,1
MNH9,10:19:53,4481.4000,2
MNH9,10:20:01,4052.7000,5
MNH9,10:20:01,4093.4400,2
MNH9,10:20:01,4178.7200,5
MNH9,10:20:01,4349.2800,7
MNH9,10:20:04,4053.6500,1
MNH9,10:20:04,4267.0000,2
MNH9,10:20:06,4179.7000,1
MNH9,10:20:12,4305.6300,1
MNH9,10:20:12,4092.4800,1
MNH9,10:20:12,4348.2600,1
MNH9,10:20:12,4220.3700,1
MNH9,10:20:12,4092.4800,1
MNH9,10:20:12,4390.8900,1
MNH9,10:20:12,4433.5200,1
MNH9,10:20:12,4136.0800,1
MNH9,10:20:12,4434.5600,40
MNH9,10:20:12,4051.7500,1
MNH9,10:20:12,4222.3500,1
MNH9,10:20:12,4094.4000,1
MNH9,10:20:12,4179.7000,1
MNH9,10:20:12,4350.3000,1
MNH9,10:20:12,4222.3500,1
MNH9,10:20:12,4094.4000,1
MNH9,10:20:12,4478.2500,2
MNH9,10:20:12,4051.7500,2
MNH9,10:20:12,4094.4000,1
MNH9,10:20:12,4222.3500,12
MNH9,10:20:12,4350.3000,4
MNH9,10:20:12,4350.3000,4
MNH9,10:20:12,4179.7000,1
MNH9,10:20:12,4350.3000,1
MNH9,10:20:12,4051.7500,10
MNH9,10:20:12,4051.7500,6
MNH9,10:20:20,4183.6200,1
MNH9,10:20:26,4355.4000,1
MNH9,10:20:29,4182.6400,1
MNH9,10:20:50,4137.0500,1
MNH9,10:21:01,4350.3000,10
MNH9,10:21:02,4179.7000,3
MNH9,10:21:13,4437.6800,5
MNH9,10:21:13,4139.9600,1
MNH9,10:21:13,4182.6400,2
MNH9,10:21:13,4310.6800,6
MNH9,10:21:13,4054.6000,6
MNH9,10:21:13,4481.4000,15
MNH9,10:21:23,4438.7200,5
MNH9,10:21:23,4268.0000,1
MNH9,10:21:23,4396.0400,4
MNH9,10:21:37,4182.6400,1
MNH9,10:21:37,4139.9600,11
MNH9,10:21:43,4437.6800,1
MNH9,10:21:53,4305.6300,1
MNH9,10:21:56,4350.3000,5
MNH9,10:22:01,4263.0000,1
MNH9,10:22:04,4092.4800,12
MNH9,10:22:22,4479.3000,5
MNH9,10:22:25,4437.6800,2
MNH9,10:22:29,4265.0000,1
MNH9,10:22:29,4391.9200,1
MNH9,10:22:29,4048.9000,2
MNH9,10:22:29,4262.0000,1
MNH9,10:22:36,4475.1000,1
MNH9,10:22:36,4475.1000,3
MNH9,10:22:36,4048.9000,4
MNH9,10:22:45,4132.2000,1
MNH9,10:22:45,4430.4000,1
MNH9,10:22:53,4427.2800,12
MNH9,10:22:53,4129.2900,1
MNH9,10:22:53,4044.1500,1
MNH9,10:22:58,4259.0000,1
MNH9,10:22:58,4301.5900,1
MNH9,10:22:58,4302.6000,5
MNH9,10:22:58,4387.8000,1
MNH9,10:22:58,4430.4000,40
MNH9,10:22:58,4261.0000,1
MNH9,10:22:58,4133.1700,1
MNH9,10:22:58,4475.1000,5
MNH9,10:22:58,4432.4800,1
MNH9,10:22:58,4432.4800,1
MNH9,10:22:58,4347.2400,1
MNH9,10:22:58,4134.1400,1
MNH9,10:22:58,4349.2800,5
MNH9,10:22:58,4434.5600,16
MNH9,10:22:58,4305.6300,3
MNH9,10:22:58,4305.6300,2
MNH9,10:22:58,4305.6300,1
MNH9,10:23:03,4050.8000,3
MNH9,10:23:16,4049.8500,1
MNH9,10:23:29,4349.2800,1
MNH9,10:23:29,4434.5600,1
MNH9,10:23:29,4391.9200,8
MNH9,10:23:29,4477.2000,1
MNH9,10:23:29,4349.2800,7
MNH9,10:23:29,4093.4400,1
MNH9,10:23:41,4138.0200,1
MNH9,10:23:41,4309.6700,1
MNH9,10:23:48,4396.0400,1
MNH9,10:23:48,4225.3200,1
MNH9,10:23:54,4311.6900,1
MNH9,10:23:54,4055.5500,4
MNH9,10:24:29,4180.6800,1
MNH9,10:24:33,4309.6700,5
MNH9,10:24:34,4053.6500,8
MNH9,10:24:49,4141.9000,1
MNH9,10:24:51,4056.5000,1
MNH9,10:24:51,4228.2900,1
MNH9,10:24:51,4100.1600,40
MNH9,10:24:51,4442.8800,1
MNH9,10:24:51,4442.8800,1
MNH9,10:24:51,4229.2800,1
MNH9,10:24:51,4357.4400,1
MNH9,10:24:51,4101.1200,1
MNH9,10:24:51,4272.0000,1
MNH9,10:24:51,4400.1600,1
MNH9,10:24:51,4400.1600,1
MNH9,10:24:51,4485.6000,1
MNH9,10:24:51,4273.0000,1
MNH9,10:24:58,4485.6000,1
MNH9,10:25:02,4441.8400,5
MNH9,10:25:02,4398.1000,8
MNH9,10:25:16,4400.1600,2
MNH9,10:25:22,4144.8100,1
MNH9,10:25:22,4188.5200,1
MNH9,10:25:22,4274.0000,40
MNH9,10:25:22,4487.7000,13
MNH9,10:25:22,4314.7200,1
MNH9,10:25:22,4143.8400,1
MNH9,10:25:37,4144.8100,5
MNH9,10:25:43,4443.9200,1
MNH9,10:25:43,4102.0800,5
MNH9,10:25:43,4400.1600,1
MNH9,10:25:43,4058.4000,5
MNH9,10:25:48,4403.2500,1
MNH9,10:25:48,4104.0000,1
MNH9,10:25:48,4189.5000,1
MNH9,10:25:48,4104.0000,7
MNH9,10:25:52,4277.0000,5
MNH9,10:25:52,4148.6900,2
MNH9,10:26:01,4486.6500,5
MNH9,10:26:01,4358.4600,1
MNH9,10:26:01,4273.0000,1
MNH9,10:26:14,4144.8100,1
MNH9,10:26:16,4401.1900,5
MNH9,10:26:16,4187.5400,1
MNH9,10:26:26,4316.7400,1
MNH9,10:26:54,4189.5000,1
MNH9,10:26:55,4361.5200,9
MNH9,10:26:55,4190.4800,9
MNH9,10:26:55,4361.5200,2
MNH9,10:26:55,4147.7200,2
MNH9,10:26:55,4318.7600,1
MNH9,10:27:02,4147.7200,1
MNH9,10:27:29,4447.0400,1
MNH9,10:27:51,4320.7800,1
MNH9,10:27:51,4320.7800,1
MNH9,10:27:54,4062.2000,5
MNH9,10:27:54,4146.7500,5
MNH9,10:28:22,4487.7000,1
MNH9,10:28:22,4144.8100,3
MNH9,10:28:22,4273.0000,2
MNH9,10:28:22,4230.2700,1
MNH9,10:28:22,4443.9200,1
MNH9,10:28:27,4318.7600,5
MNH9,10:28:27,4233.2400,1
MNH9,10:28:27,4318.7600,1
MNH9,10:28:27,4489.8000,1
MNH9,10:28:27,4277.0000,5
MNH9,10:28:27,4191.4600,1
MNH9,10:28:27,4405.3100,16
MNH9,10:28:49,4063.1500,1
MNH9,10:29:04,4063.1500,5
MNH9,10:29:04,4363.5600,5
MNH9,10:29:04,4363.5600,1
MNH9,10:29:04,4106.8800,1
MNH9,10:29:04,4363.5600,1
MNH9,10:29:04,4491.9000,40
MNH9,10:29:04,4364.5800,1
MNH9,10:29:04,4236.2100,1
MNH9,10:29:04,4492.9500,1
MNH9,10:29:04,4408.4000,1
MNH9,10:29:04,4108.8000,1
MNH9,10:29:04,4408.4000,1
MNH9,10:29:04,4494.0000,2
MNH9,10:29:04,4408.4000,1
MNH9,10:29:04,4408.4000,1
MNH9,10:29:04,4194.4000,1
MNH9,10:29:04,4066.0000,12
MNH9,10:29:04,4108.8000,20
MNH9,10:29:05,4066.0000,1
MNH9,10:29:05,4194.4000,5
MNH9,10:29:05,4151.6000,1
MNH9,10:29:05,4237.2000,1
MNH9,10:29:05,4408.4000,1
MNH9,10:29:05,4407.3700,1
MNH9,10:29:05,4280.0000,1
MNH9,10:29:05,4408.4000,7
MNH9,10:29:05,4197.3400,1
MNH9,10:29:05,4068.8500,1
MNH9,10:29:05,4283.0000,1
MNH9,10:29:05,4154.5100,1
MNH9,10:29:05,4240.1700,1
MNH9,10:29:05,4368.6600,5
MNH9,10:29:05,4498.2000,5
MNH9,10:29:05,4370.7000,1
MNH9,10:29:05,4114.5600,1
MNH9,10:29:05,4286.0000,1
MNH9,10:29:05,4157.4200,5
MNH9,10:29:05,4243.1400,1
MNH9,10:29:05,4157.4200,1
MNH9,10:29:05,4286.0000,1
MNH9,10:29:05,4243.1400,5
MNH9,10:29:05,4158.3900,1
MNH9,10:29:05,4201.2600,5
MNH9,10:29:05,4328.8600,1
MNH9,10:29:05,4111.6800,4
MNH9,10:29:05,4499.2500,1
MNH9,10:29:05,4371.7200,2
MNH9,10:29:05,4072.6500,3
MNH9,10:29:05,4073.6000,5
MNH9,10:29:05,4502.4000,9
MNH9,10:29:05,4288.0000,1
MNH9,10:29:05,4288.0000,9
MNH9,10:29:05,4245.1200,4
MNH9,10:29:05,4288.0000,4
MNH9,10:29:05,4159.3600,1
MNH9,10:29:05,4288.0000,4
MNH9,10:29:05,4330.8800,6
MNH9,10:29:05,4074.5500,1
MNH9,10:29:05,4203.2200,1
MNH9,10:29:05,4073.6000,1
MNH9,10:29:05,4330.8800,3
MNH9,10:29:05,4202.2400,3
MNH9,10:29:10,4286.0000,1
MNH9,10:29:10,4071.7000,5
MNH9,10:29:10,4286.0000,1
MNH9,10:29:10,4113.6000,1
MNH9,10:29:10,4327.8500,1
MNH9,10:29:10,4413.5500,1
MNH9,10:29:10,4199.3000,1
MNH9,10:29:14,4113.6000,4
MNH9,10:29:14,4370.7000,1
MNH9,10:29:14,4071.7000,1
MNH9,10:29:25,4455.3600,1
MNH9,10:29:25,4241.1600,3
MNH9,10:29:58,4366.6200,5
MNH9,10:29:58,4066.9500,1
MNH9,10:29:58,4409.4300,2
MNH9,10:29:58,4494.0000,1
MNH9,10:29:58,4279.0000,1
MNH9,10:30:19,4367.6400,1
MNH9,10:30:43,4369.6800,1
MNH9,10:30:55,4457.4400,5
MNH9,10:30:58,4115.5200,5
MNH9,10:31:04,4072.6500,2
MNH9,10:31:04,4244.1300,1
MNH9,10:31:04,4372.7400,1
MNH9,10:31:04,4415.6100,1
MNH9,10:31:06,4158.3900,5
MNH9,10:31:08,4458.4800,5
MNH9,10:31:08,4415.6100,2
MNH9,10:31:09,4287.0000,1
MNH9,10:31:09,4158.3900,4
MNH9,10:31:13,4288.0000,5
MNH9,10:31:15,4416.6400,5
MNH9,10:31:16,4116.4800,5
MNH9,10:31:19,4201.2600,4
MNH9,10:31:19,4072.6500,1
MNH9,10:31:21,4073.6000,5
MNH9,10:31:24,4330.8800,5
MNH9,10:31:28,4288.0000,1
MNH9,10:31:28,4202.2400,1
MNH9,10:31:28,4373.7600,2
MNH9,10:31:28,4245.1200,1
MNH9,10:31:32,4160.3300,1
MNH9,10:31:32,4417.6700,4
MNH9,10:31:36,4198.3200,1
MNH9,10:31:36,4498.2000,1
MNH9,10:31:36,4112.6400,1
MNH9,10:31:36,4369.6800,1
MNH9,10:31:40,4286.0000,1
MNH9,10:31:40,4414.5800,1
MNH9,10:31:40,4414.5800,1
MNH9,10:31:40,4328.8600,1
MNH9,10:31:40,4114.5600,1
MNH9,10:31:43,4243.1400,5
MNH9,10:31:44,4409.4300,1
MNH9,10:32:05,4494.0000,1
MNH9,10:32:05,4451.2000,1
MNH9,10:32:05,4151.6000,1
MNH9,10:32:58,4280.0000,10
MNH9,10:32:58,4451.2000,1
MNH9,10:33:57,4408.4000,1
MNH9,10:34:00,4323.8100,1
MNH9,10:34:15,4198.3200,1
MNH9,10:34:15,4155.4800,1
MNH9,10:34:15,4112.6400,1
MNH9,10:34:15,4069.8000,1
MNH9,10:34:15,4069.8000,1
MNH9,10:34:15,4498.2000,15
MNH9,10:34:42,4109.7600,1
MNH9,10:35:50,4197.3400,20
MNH9,10:36:45,4197.3400,20
MNH9,10:37:13,4153.5400,1
MNH9,10:37:25,4068.8500,5
MNH9,10:37:25,4497.1500,15
MNH9,10:37:33,4495.0500,1
MNH9,10:37:37,4408.4000,1
MNH9,10:37:56,4448.0800,1
MNH9,10:38:10,4446.0000,5
MNH9,10:38:10,4189.5000,1
MNH9,10:38:10,4446.0000,1
MNH9,10:38:21,4402.2200,1
MNH9,10:38:21,4444.9600,1
MNH9,10:38:39,4404.2800,1
MNH9,10:38:39,4489.8000,1
MNH9,10:38:44,4359.4800,4
MNH9,10:38:44,4274.0000,5
MNH9,10:38:44,4486.6500,1
MNH9,10:38:44,4187.5400,5
MNH9,10:38:44,4229.2800,5
MNH9,10:38:44,4058.4000,1
MNH9,10:38:44,4058.4000,5
MNH9,10:38:44,4186.5600,1
MNH9,10:38:44,4485.6000,23
MNH9,10:38:49,4062.2000,1
MNH9,10:38:49,4233.2400,1
MNH9,10:39:14,4144.8100,5
MNH9,10:39:14,4313.7100,1
MNH9,10:39:16,4483.5000,5
MNH9,10:39:16,4440.8000,5
MNH9,10:39:16,4226.3100,3
MNH9,10:39:17,4140.9300,2
MNH9,10:39:17,4183.6200,1
MNH9,10:39:18,4269.0000,1
MNH9,10:39:18,4354.3800,2
MNH9,10:39:28,4483.5000,1
MNH9,10:39:47,4097.2800,1
MNH9,10:39:47,4396.0400,1
MNH9,10:39:47,4310.6800,1
MNH9,10:39:47,4180.6800,1
MNH9,10:39:47,4307.6500,1
MNH9,10:39:47,4094.4000,1
MNH9,10:39:48,4436.6400,1
MNH9,10:39:48,4095.3600,4
MNH9,10:39:48,4095.3600,1
MNH9,10:39:50,4350.3000,9
MNH9,10:39:50,4222.3500,5
MNH9,10:39:50,4136.0800,2
MNH9,10:39:50,4050.8000,5
MNH9,10:39:50,4221.3600,1
MNH9,10:39:50,4306.6400,5
MNH9,10:39:50,4050.8000,9
MNH9,10:39:58,4349.2800,1
MNH9,10:40:18,4433.5200,1
MNH9,10:40:18,4476.1500,1
MNH9,10:40:18,4348.2600,1
MNH9,10:40:31,4347.2400,1
MNH9,10:40:31,4091.5200,2
MNH9,10:40:40,4091.5200,1
MNH9,10:40:48,4389.8600,9
MNH9,10:40:48,4303.6100,5
MNH9,10:40:48,4133.1700,5
MNH9,10:40:48,4345.2000,1
MNH9,10:40:48,4089.6000,2
MNH9,10:40:48,4174.8000,28
MNH9,10:40:49,4431.4400,5
MNH9,10:40:49,4387.8000,2
MNH9,10:40:49,4047.0000,3
MNH9,10:40:49,4217.4000,2
MNH9,10:40:49,4345.2000,1
MNH9,10:40:49,4132.2000,1
MNH9,10:40:53,4090.5600,1
MNH9,10:40:56,4218.3900,2
MNH9,10:41:06,4218.3900,2
MNH9,10:41:06,4261.0000,3
MNH9,10:41:24,4477.2000,1
MNH9,10:41:44,4048.9000,5
MNH9,10:41:44,4475.1000,40
MNH9,10:41:44,4134.1400,1
MNH9,10:41:44,4134.1400,16
MNH9,10:41:44,4388.8300,2
MNH9,10:41:44,4047.9500,1
MNH9,10:41:44,4474.0500,1
MNH9,10:41:44,4090.5600,1
MNH9,10:41:44,4218.3900,1
MNH9,10:41:44,4047.9500,30
MNH9,10:41:44,4132.2000,1
MNH9,10:41:44,4047.0000,1
MNH9,10:41:44,4047.0000,1
MNH9,10:41:44,4131.2300,39
MNH9,10:41:44,4259.0000,5
MNH9,10:41:44,4259.0000,1
MNH9,10:41:44,4429.3600,30
MNH9,10:41:44,4130.2600,1
MNH9,10:41:44,4215.4200,1
MNH9,10:41:44,4087.6800,1
MNH9,10:41:44,4172.8400,10
MNH9,10:41:44,4257.0000,5
MNH9,10:41:44,4128.3200,1
MNH9,10:41:44,4298.5600,1
MNH9,10:41:44,4085.7600,5
MNH9,10:41:44,4213.4400,1
MNH9,10:41:44,4426.2400,103
MNH9,10:41:44,4473.0000,1
MNH9,10:41:53,4049.8500,1
MNH9,10:41:59,4476.1500,1
MNH9,10:41:59,4263.0000,1
MNH9,10:41:59,4305.6300,1
MNH9,10:41:59,4476.1500,1
MNH9,10:41:59,4390.8900,1
MNH9,10:41:59,4135.1100,1
MNH9,10:41:59,4263.0000,1
MNH9,10:41:59,4093.4400,5
MNH9,10:41:59,4265.0000,1
MNH9,10:41:59,4137.0500,1
MNH9,10:41:59,4222.3500,1
MNH9,10:41:59,4350.3000,5
MNH9,10:41:59,4351.3200,5
MNH9,10:41:59,4095.3600,1
MNH9,10:41:59,4095.3600,10
MNH9,10:42:12,4478.2500,1
MNH9,10:42:12,4094.4000,1
MNH9,10:44:16,4482.4500,1
MNH9,10:44:16,4310.6800,1
MNH9,10:46:26,4312.7000,1
MNH9,10:46:26,4141.9000,7
MNH9,10:46:26,4483.5000,12
MNH9,10:46:26,4141.9000,21
MNH9,10:46:26,4440.8000,5
MNH9,10:46:26,4483.5000,4
MNH9,10:46:26,4057.4500,1
MNH9,10:46:36,4056.5000,1
MNH9,10:47:55,4438.7200,2
MNH9,10:47:55,4226.3100,1
MNH9,10:48:20,4054.6000,5
MNH9,10:48:20,4054.6000,1
MNH9,10:48:20,4097.2800,1
MNH9,10:48:20,4182.6400,1
MNH9,10:48:20,4096.3200,2
MNH9,10:48:20,4437.6800,5
MNH9,10:48:20,4437.6800,35
MNH9,10:48:51,4271.0000,1
MNH9,10:48:51,4186.5600,1
MNH9,10:48:51,4058.4000,1
MNH9,10:49:06,4189.5000,1
MNH9,10:49:07,4061.2500,2
MNH9,10:49:08,4360.5000,1
MNH9,10:49:29,4318.7600,2
MNH9,10:49:35,4317.7500,1
MNH9,10:49:47,4189.5000,1
MNH9,10:49:47,4061.2500,1
MNH9,10:49:47,4189.5000,1
MNH9,10:49:47,4488.7500,1
MNH9,10:49:47,4276.0000,1
MNH9,10:49:47,4360.5000,1
MNH9,10:49:47,4232.2500,1
MNH9,10:50:03,4322.8000,2
MNH9,10:50:13,4454.3200,1
MNH9,10:50:13,4111.6800,1
MNH9,10:50:47,4411.4900,4
MNH9,10:50:47,4111.6800,1
MNH9,10:51:21,4369.6800,2
MNH9,10:51:21,4369.6800,5
MNH9,10:51:21,4112.6400,1
MNH9,10:51:32,4198.3200,1
MNH9,10:51:43,4326.8400,2
MNH9,10:51:43,4069.8000,2
MNH9,10:51:43,4069.8000,1
MNH9,10:51:53,4241.1600,1
MNH9,10:51:58,4153.5400,1
MNH9,10:52:00,4155.4800,5
MNH9,10:53:01,4285.0000,1
MNH9,10:53:06,4242.1500,1
MNH9,10:53:06,4327.8500,1
MNH9,10:53:25,4242.1500,2
MNH9,10:53:25,4156.4500,1
MNH9,10:53:25,4199.3000,1
MNH9,10:53:25,4112.6400,1
MNH9,10:53:38,4372.7400,5
MNH9,10:53:38,4501.3500,5
MNH9,10:53:39,4244.1300,5
MNH9,10:53:39,4115.5200,5
MNH9,10:53:39,4202.2400,2
MNH9,10:53:39,4073.6000,24
MNH9,10:53:45,4417.6700,1
MNH9,10:53:45,4203.2200,1
MNH9,10:53:46,4375.8000,1
MNH9,10:53:46,4161.3000,5
MNH9,10:53:46,4206.1600,1
MNH9,10:53:51,4418.7000,5
MNH9,10:53:51,4203.2200,1
MNH9,10:53:51,4503.4500,5
MNH9,10:53:51,4374.7800,23
MNH9,10:53:51,4459.5200,5
MNH9,10:53:51,4159.3600,1
MNH9,10:53:51,4459.5200,1
MNH9,10:53:51,4330.8800,1
MNH9,10:53:51,4245.1200,1
MNH9,10:53:51,4502.4000,1
MNH9,10:53:51,4459.5200,1
MNH9,10:53:51,4502.4000,1
MNH9,10:53:51,4073.6000,1
MNH9,10:53:51,4159.3600,1
MNH9,10:53:55,4115.5200,1
MNH9,10:54:01,4418.7000,2
MNH9,10:54:10,4116.4800,1
MNH9,10:54:55,4075.5000,2
MNH9,10:54:55,4118.4000,1
MNH9,10:54:55,4247.1000,1
MNH9,10:54:55,4161.3000,9
MNH9,10:55:02,4375.8000,1
MNH9,10:55:40,4375.8000,8
MNH9,10:55:40,4204.2000,8
MNH9,10:55:40,4461.6000,1
MNH9,10:55:40,4504.5000,1
MNH9,10:55:40,4375.8000,1
MNH9,10:55:40,4075.5000,1
MNH9,10:55:41,4418.7000,1
MNH9,10:55:41,4075.5000,1
MNH9,10:55:41,4374.7800,5
MNH9,10:55:41,4331.8900,14
MNH9,10:56:06,4245.1200,1
MNH9,10:56:07,4502.4000,1
MNH9,10:56:08,4502.4000,1
MNH9,10:56:08,4159.3600,1
MNH9,10:56:10,4416.6400,1
MNH9,10:56:10,4202.2400,1
MNH9,10:56:46,4204.2000,5
MNH9,10:56:46,4418.7000,5
MNH9,10:57:15,4289.0000,1
MNH9,10:57:26,4289.0000,1
MNH9,10:57:37,4289.0000,1
MNH9,10:57:47,4416.6400,1
MNH9,10:57:48,4373.7600,3
MNH9,10:57:48,4245.1200,1
MNH9,10:57:53,4331.8900,1
MNH9,10:58:04,4288.0000,1
MNH9,10:58:04,4073.6000,2
MNH9,10:58:07,4502.4000,3
MNH9,10:58:07,4201.2600,2
MNH9,10:58:27,4201.2600,1
MNH9,10:58:35,4290.0000,10
MNH9,10:59:03,4074.5500,2
MNH9,10:59:03,4246.1100,3
MNH9,10:59:11,4246.1100,1
MNH9,10:59:17,4499.2500,1
MNH9,10:59:23,4370.7000,1
MNH9,10:59:23,4113.6000,1
MNH9,10:59:26,4285.0000,4
MNH9,10:59:26,4456.4000,1
MNH9,10:59:26,4327.8500,1
MNH9,10:59:26,4113.6000,1
MNH9,10:59:36,4069.8000,14
MNH9,10:59:36,4240.1700,1
MNH9,10:59:36,4110.7200,1
MNH9,10:59:36,4324.8200,1
MNH9,10:59:40,4494.0000,1
MNH9,10:59:40,4494.0000,1
MNH9,10:59:40,4406.3400,1
MNH9,10:59:41,4062.2000,5
MNH9,10:59:41,4278.0000,1
MNH9,10:59:42,4193.4200,3
MNH9,11:00:16,4280.0000,1
MNH9,11:00:17,4066.0000,1
MNH9,11:00:21,4451.2000,5
MNH9,11:00:36,4106.8800,1
MNH9,11:00:36,4363.5600,1
MNH9,11:01:15,4063.1500,1
MNH9,11:01:15,4448.0800,1
MNH9,11:01:18,4191.4600,5
MNH9,11:01:27,4284.0000,1
MNH9,11:01:49,4242.1500,1
MNH9,11:01:52,4368.6600,1
MNH9,11:02:25,4327.8500,3
MNH9,11:02:27,4499.2500,7
MNH9,11:02:27,4198.3200,3
MNH9,11:02:34,4284.0000,1
MNH9,11:02:39,4456.4000,1
MNH9,11:03:09,4068.8500,1
MNH9,11:03:09,4283.0000,44
MNH9,11:03:09,4325.8300,6
MNH9,11:03:09,4111.6800,1
MNH9,11:03:09,4325.8300,1
MNH9,11:03:09,4411.4900,1
MNH9,11:03:09,4411.4900,1
MNH9,11:03:09,4411.4900,25
MNH9,11:03:09,4068.8500,5
MNH9,11:03:09,4111.6800,5
MNH9,11:03:09,4497.1500,4
MNH9,11:03:09,4497.1500,7
MNH9,11:03:51,4365.6000,1
MNH9,11:03:51,4451.2000,1
MNH9,11:03:57,4494.0000,1
MNH9,11:03:57,4408.4000,1
MNH9,11:03:57,4408.4000,1
MNH9,11:03:57,4408.4000,1
MNH9,11:03:57,4194.4000,1
MNH9,11:03:57,4066.0000,1
MNH9,11:03:57,4108.8000,1
MNH9,11:03:57,4322.8000,5
MNH9,11:03:57,4237.2000,1
MNH9,11:03:57,4280.0000,1
MNH9,11:04:30,4322.8000,4
MNH9,11:04:30,4494.0000,40
MNH9,11:04:30,4281.0000,5
MNH9,11:04:30,4410.4600,5
MNH9,11:04:30,4153.5400,5
MNH9,11:04:30,4067.9000,20
MNH9,11:04:30,4411.4900,21
MNH9,11:04:30,4111.6800,9
MNH9,11:04:30,4455.3600,5
MNH9,11:04:30,4412.5200,40
MNH9,11:04:30,4369.6800,7
MNH9,11:04:30,4112.6400,1
MNH9,11:04:30,4369.6800,50
MNH9,11:04:30,4113.6000,1
MNH9,11:04:30,4413.5500,1
MNH9,11:04:30,4156.4500,1
MNH9,11:04:30,4370.7000,1
MNH9,11:04:30,4113.6000,1
MNH9,11:04:30,4156.4500,1
MNH9,11:04:30,4285.0000,1
MNH9,11:04:30,4456.4000,1
MNH9,11:04:30,4199.3000,1
MNH9,11:04:30,4285.0000,1
MNH9,11:04:30,4199.3000,1
MNH9,11:04:30,4156.4500,1
MNH9,11:04:30,4456.4000,1
MNH9,11:04:30,4199.3000,1
MNH9,11:04:30,4113.6000,1
MNH9,11:04:30,4242.1500,1
MNH9,11:04:30,4156.4500,1
MNH9,11:04:30,4156.4500,1
MNH9,11:04:30,4199.3000,1
MNH9,11:04:30,4370.7000,1
MNH9,11:04:30,4370.7000,1
MNH9,11:04:30,4370.7000,1
MNH9,11:04:30,4199.3000,1
MNH9,11:04:30,4327.8500,28
MNH9,11:04:30,4070.7500,12
MNH9,11:04:30,4242.1500,1
MNH9,11:04:30,4242.1500,17
MNH9,11:04:30,4457.4400,5
MNH9,11:04:30,4286.0000,40
MNH9,11:04:30,4243.1400,10
MNH9,11:04:30,4502.4000,1
MNH9,11:04:30,4332.9000,2
MNH9,11:04:30,4332.9000,1
MNH9,11:04:30,4290.0000,1
MNH9,11:04:48,4120.3200,2
MNH9,11:05:09,4334.9200,1
MNH9,11:05:09,4419.7300,1
MNH9,11:05:09,4076.4500,5
MNH9,11:05:09,4332.9000,5
MNH9,11:05:09,4161.3000,1
MNH9,11:05:09,4375.8000,40
MNH9,11:05:09,4418.7000,2
MNH9,11:05:09,4375.8000,2
MNH9,11:05:09,4290.0000,1
MNH9,11:05:30,4506.6000,1
MNH9,11:05:30,4463.6800,1
MNH9,11:05:30,4420.7600,1
MNH9,11:05:30,4463.6800,1
MNH9,11:05:32,4421.7900,1
MNH9,11:05:32,4207.1400,1
MNH9,11:05:32,4464.7200,1
MNH9,11:05:32,4078.3500,8
MNH9,11:06:04,4121.2800,2
MNH9,11:06:04,4379.8800,1
MNH9,11:06:17,4251.0600,1
MNH9,11:06:33,4209.1000,1
MNH9,11:06:33,4295.0000,1
MNH9,11:06:33,4252.0500,1
MNH9,11:06:33,4209.1000,18
MNH9,11:06:33,4209.1000,31
MNH9,11:06:33,4509.7500,13
MNH9,11:06:33,4423.8500,2
MNH9,11:06:35,4210.0800,1
MNH9,11:06:35,4510.8000,2
MNH9,11:06:57,4082.1500,5
MNH9,11:06:57,4211.0600,1
MNH9,11:06:57,4512.9000,4
MNH9,11:06:57,4469.9200,1
MNH9,11:06:57,4469.9200,1
MNH9,11:06:57,4469.9200,1
MNH9,11:06:57,4469.9200,2
MNH9,11:07:13,4425.9100,1
MNH9,11:07:31,4254.0300,3
MNH9,11:07:37,4080.2500,1
MNH9,11:07:37,4123.2000,2
MNH9,11:07:37,4166.1500,1
MNH9,11:07:43,4165.1800,1
MNH9,11:07:43,4508.7000,1
MNH9,11:07:43,4421.7900,1
MNH9,11:08:11,4079.3000,1
MNH9,11:08:19,4418.7000,2
MNH9,11:08:19,4075.5000,3
MNH9,11:08:19,4117.4400,5
MNH9,11:08:19,4160.3300,2
MNH9,11:08:19,4160.3300,1
MNH9,11:08:19,4373.7600,1
MNH9,11:08:19,4159.3600,1
MNH9,11:08:19,4459.5200,2
MNH9,11:08:19,4502.4000,1
MNH9,11:08:19,4116.4800,1
MNH9,11:08:19,4159.3600,1
MNH9,11:08:19,4459.5200,1
MNH9,11:08:19,4073.6000,1
MNH9,11:08:19,4459.5200,2
MNH9,11:08:19,4459.5200,1
MNH9,11:08:22,4159.3600,1
MNH9,11:08:22,4373.7600,1
MNH9,11:08:22,4245.1200,1
MNH9,11:08:22,4502.4000,1
MNH9,11:08:22,4159.3600,1
MNH9,11:08:37,4202.2400,1
MNH9,11:08:37,4501.3500,2
MNH9,11:08:40,4072.6500,3
MNH9,11:08:40,4328.8600,5
MNH9,11:08:40,4286.0000,7
MNH9,11:08:42,4328.8600,10
MNH9,11:08:42,4419.7300,1
MNH9,11:09:24,4329.8700,1
MNH9,11:09:24,4201.2600,1
MNH9,11:09:55,4329.8700,1
MNH9,11:10:34,4287.0000,19
MNH9,11:10:34,4328.8600,5
MNH9,11:10:34,4371.7200,19
MNH9,11:10:34,4457.4400,1
MNH9,11:10:34,4500.3000,2
MNH9,11:10:34,4414.5800,2
MNH9,11:10:51,4331.8900,1
MNH9,11:10:54,4332.9000,2
MNH9,11:10:54,4075.5000,5
MNH9,11:10:54,4118.4000,4
MNH9,11:10:54,4461.6000,5
MNH9,11:10:54,4290.0000,3
MNH9,11:10:54,4461.6000,1
MNH9,11:11:05,4374.7800,1
MNH9,11:11:41,4416.6400,1
MNH9,11:11:42,4332.9000,20
MNH9,11:11:49,4505.5500,1
MNH9,11:11:49,4120.3200,5
MNH9,11:11:49,4163.2400,1
MNH9,11:11:49,4420.7600,1
MNH9,11:11:49,4163.2400,1
MNH9,11:11:49,4506.6000,1
MNH9,11:11:49,4167.1200,1
MNH9,11:11:49,4167.1200,1
MNH9,11:11:49,4425.9100,5
MNH9,11:11:49,4426.9400,1
MNH9,11:11:49,4169.0600,5
MNH9,11:11:49,4384.9800,20
MNH9,11:11:49,4470.9600,1
MNH9,11:11:49,4341.9900,1
MNH9,11:11:49,4084.0500,1
MNH9,11:11:49,4256.0100,1
MNH9,11:11:49,4513.9500,1
MNH9,11:11:49,4299.0000,40
MNH9,11:11:49,4341.9900,4
MNH9,11:11:49,4468.8800,1
MNH9,11:11:49,4339.9700,1
MNH9,11:11:51,4081.2000,1
MNH9,11:11:51,4253.0400,1
MNH9,11:12:03,4254.0300,1
MNH9,11:12:03,4211.0600,1
MNH9,11:12:03,4211.0600,1
MNH9,11:12:09,4296.0000,1
MNH9,11:12:16,4295.0000,5
MNH9,11:12:58,4161.3000,1
MNH9,11:13:18,4418.7000,7
MNH9,11:13:41,4373.7600,1
MNH9,11:13:41,4503.4500,1
MNH9,11:13:53,4375.8000,1
MNH9,11:13:53,4290.0000,1
MNH9,11:13:53,4375.8000,3
MNH9,11:14:09,4247.1000,1
MNH9,11:14:09,4418.7000,2
MNH9,11:14:50,4377.8400,5
MNH9,11:14:54,4079.3000,1
MNH9,11:14:54,4336.9400,1
MNH9,11:14:54,4079.3000,5
MNH9,11:14:54,4079.3000,1
MNH9,11:14:54,4165.1800,24
MNH9,11:14:54,4165.1800,1
MNH9,11:14:54,4294.0000,2
MNH9,11:14:54,4122.2400,5
MNH9,11:14:54,4165.1800,5
MNH9,11:14:54,4165.1800,2
MNH9,11:14:54,4379.8800,5
MNH9,11:14:54,4465.7600,5
MNH9,11:14:54,4422.8200,5
MNH9,11:14:54,4336.9400,5
MNH9,11:14:54,4465.7600,4
MNH9,11:14:55,4080.2500,1
MNH9,11:14:55,4252.0500,1
MNH9,11:14:55,4209.1000,1
MNH9,11:14:55,4209.1000,1
MNH9,11:14:55,4123.2000,2
MNH9,11:14:55,4295.0000,1
MNH9,11:14:55,4166.1500,17
MNH9,11:14:56,4295.0000,4
MNH9,11:15:12,4295.0000,1
MNH9,11:15:12,4423.8500,2
MNH9,11:15:50,4250.0700,1
MNH9,11:16:01,4507.6500,1
MNH9,11:16:01,4078.3500,1
MNH9,11:16:04,4378.8600,5
MNH9,11:16:04,4207.1400,1
MNH9,11:16:08,4207.1400,40
MNH9,11:17:13,4423.8500,1
MNH9,11:17:14,4208.1200,1
MNH9,11:17:24,4124.1600,12
MNH9,11:17:48,4510.8000,1
MNH9,11:18:04,4467.8400,2
MNH9,11:18:25,4166.1500,1
MNH9,11:18:26,4338.9600,26
MNH9,11:18:26,4124.1600,3
MNH9,11:18:26,4510.8000,9
MNH9,11:18:26,4082.1500,40
MNH9,11:18:26,4211.0600,3
MNH9,11:18:26,4297.0000,2
MNH9,11:18:26,4425.9100,3
MNH9,11:18:30,4126.0800,1
MNH9,11:18:31,4255.0200,2
MNH9,11:18:31,4255.0200,40
MNH9,11:18:31,4426.9400,9
MNH9,11:19:12,4384.9800,1
MNH9,11:19:12,4427.9700,1
MNH9,11:19:23,4213.0200,2
MNH9,11:19:31,4125.1200,1
MNH9,11:19:31,4382.9400,1
MNH9,11:19:31,4511.8500,1
MNH9,11:19:31,4082.1500,1
MNH9,11:19:31,4425.9100,1
MNH9,11:20:18,4127.0400,2
MNH9,11:20:18,4427.9700,2
MNH9,11:20:18,4513.9500,1
MNH9,11:20:18,4341.9900,1
MNH9,11:20:18,4127.0400,1
MNH9,11:20:18,4427.9700,5
MNH9,11:20:18,4470.9600,19
MNH9,11:20:18,4470.9600,5
MNH9,11:20:18,4213.0200,1
MNH9,11:20:18,4256.0100,1
MNH9,11:20:18,4427.9700,1
MNH9,11:20:18,4127.0400,1
MNH9,11:20:18,4256.0100,1
MNH9,11:20:18,4170.0300,5
MNH9,11:20:18,4170.0300,3
MNH9,11:20:18,4084.0500,2
MNH9,11:20:27,4470.9600,1
MNH9,11:20:27,4170.0300,1
MNH9,11:20:30,4513.9500,3
MNH9,11:20:58,4468.8800,1
MNH9,11:20:58,4382.9400,5
MNH9,11:20:58,4253.0400,5
MNH9,11:20:58,4338.9600,1
MNH9,11:20:58,4338.9600,1
MNH9,11:20:58,4467.8400,1
MNH9,11:20:58,4509.7500,5
MNH9,11:20:58,4466.8000,1
MNH9,11:20:58,4466.8000,1
MNH9,11:20:58,4509.7500,22
MNH9,11:21:54,4125.1200,1
MNH9,11:22:26,4124.1600,1
MNH9,11:22:26,4338.9600,1
MNH9,11:22:53,4124.1600,1
MNH9,11:24:04,4252.0500,1
MNH9,11:24:04,4509.7500,4
MNH9,11:24:09,4122.2400,1
MNH9,11:24:18,4378.8600,1
MNH9,11:24:18,4164.2100,1
MNH9,11:24:18,4464.7200,1
MNH9,11:24:18,4207.1400,11
MNH9,11:24:20,4121.2800,1
MNH9,11:24:20,4507.6500,1
MNH9,11:24:20,4250.0700,3
MNH9,11:24:20,4164.2100,11
MNH9,11:24:20,4378.8600,5
MNH9,11:24:20,4335.9300,3
MNH9,11:24:20,4507.6500,5
MNH9,11:24:20,4207.1400,5
MNH9,11:24:20,4335.9300,5
MNH9,11:24:20,4378.8600,5
MNH9,11:24:20,4164.2100,5
MNH9,11:24:20,4378.8600,2
MNH9,11:24:54,4164.2100,3
MNH9,11:25:01,4336.9400,1
MNH9,11:27:16,4421.7900,1
MNH9,11:28:16,4465.7600,1
MNH9,11:28:16,4422.8200,1
MNH9,11:28:16,4209.1000,1
MNH9,11:28:16,4337.9500,1
MNH9,11:28:16,4209.1000,1
MNH9,11:28:16,4252.0500,1
MNH9,11:28:16,4166.1500,1
MNH9,11:28:16,4466.8000,40
MNH9,11:28:16,4124.1600,1
MNH9,11:28:16,4296.0000,40
MNH9,11:28:16,4467.8400,1
MNH9,11:28:17,4212.0400,1
MNH9,11:28:19,4084.0500,1
MNH9,11:28:19,4213.0200,1
MNH9,11:28:19,4299.0000,1
MNH9,11:28:19,4299.0000,29
MNH9,11:28:19,4213.0200,29
MNH9,11:28:19,4427.9700,1
MNH9,11:28:21,4256.0100,20
MNH9,11:28:22,4470.9600,2
MNH9,11:28:22,4170.0300,2
MNH9,11:28:22,4384.9800,1
MNH9,11:28:22,4470.9600,1
MNH9,11:28:22,4470.9600,1
MNH9,11:28:22,4341.9900,1
MNH9,11:28:22,4470.9600,1
MNH9,11:28:22,4341.9900,1
MNH9,11:28:22,4513.9500,2
MNH9,11:28:22,4127.0400,2
MNH9,11:28:22,4299.0000,1
MNH9,11:28:22,4384.9800,3
MNH9,11:28:22,4127.0400,3
MNH9,11:28:26,4126.0800,1
MNH9,11:28:26,4512.9000,1
MNH9,11:28:29,4340.9800,1
MNH9,11:28:29,4512.9000,1
MNH9,11:28:31,4211.0600,1
MNH9,11:28:31,4425.9100,1
MNH9,11:28:32,4168.0900,2
MNH9,11:28:32,4425.9100,1
MNH9,11:28:32,4254.0300,1
MNH9,11:29:45,4257.0000,1
MNH9,11:29:45,4300.0000,2
MNH9,11:29:45,4085.0000,100
MNH9,11:29:45,4171.0000,2
MNH9,11:29:45,4257.0000,40
MNH9,11:29:45,4085.0000,40
MNH9,11:29:45,4171.9700,5
MNH9,11:29:45,4517.1000,1
MNH9,11:29:45,4517.1000,1
MNH9,11:29:45,4302.0000,1
MNH9,11:29:45,4302.0000,1
MNH9,11:29:45,4172.9400,1
MNH9,11:29:45,4388.0400,100
MNH9,11:29:45,4345.0200,40
MNH9,11:29:45,4302.0000,40
MNH9,11:29:45,4388.0400,30
MNH9,11:29:45,4215.9600,18
MNH9,11:29:45,4345.0200,6
MNH9,11:29:45,4129.9200,36
MNH9,11:29:45,4215.9600,36
MNH9,11:29:45,4345.0200,10
MNH9,11:29:45,4129.9200,25
MNH9,11:29:45,4129.9200,25
MNH9,11:29:45,4086.9000,70
MNH9,11:29:45,4345.0200,70
MNH9,11:29:45,4388.0400,70
MNH9,11:29:45,4345.0200,70
MNH9,11:29:45,4431.0600,70
MNH9,11:29:45,4129.9200,70
MNH9,11:29:45,4087.8500,1
MNH9,11:29:45,4346.0300,1
MNH9,11:29:45,4346.0300,5
MNH9,11:29:45,4390.0800,2
MNH9,11:29:45,4302.0000,3
MNH9,11:29:45,4431.0600,3
MNH9,11:29:45,4432.0900,2
MNH9,11:29:47,4345.0200,3
MNH9,11:29:47,4302.0000,40
MNH9,11:29:47,4086.9000,1
MNH9,11:29:49,4474.0800,2
MNH9,11:29:49,4302.0000,2
MNH9,11:29:49,4431.0600,1
MNH9,11:29:49,4431.0600,40
MNH9,11:29:49,4129.9200,1
MNH9,11:29:53,4516.0500,2
MNH9,11:29:53,4214.9800,8
MNH9,11:30:10,4085.9500,15
MNH9,11:30:10,4214.9800,15
MNH9,11:30:10,4171.9700,10
MNH9,11:30:10,4344.0100,5
MNH9,11:30:10,4129.9200,1
MNH9,11:30:10,4215.9600,30
MNH9,11:30:10,4388.0400,40
MNH9,11:30:10,4086.9000,12
MNH9,11:30:10,4345.0200,12
MNH9,11:30:10,4388.0400,10
MNH9,11:30:10,4431.0600,10
MNH9,11:30:10,4172.9400,10
MNH9,11:30:20,4302.0000,40
MNH9,11:30:20,4431.0600,20
MNH9,11:30:20,4215.9600,20
MNH9,11:30:20,4388.0400,30
MNH9,11:30:20,4431.0600,30
MNH9,11:30:20,4172.9400,30
MNH9,11:30:20,4431.0600,1
MNH9,11:30:20,4388.0400,20
MNH9,11:30:20,4474.0800,20
MNH9,11:30:20,4302.0000,1
MNH9,11:30:20,4129.9200,20
MNH9,11:30:21,4388.0400,10
MNH9,11:30:21,4302.0000,10
MNH9,11:30:21,4258.9800,30
MNH9,11:30:21,4431.0600,35
MNH9,11:30:21,4388.0400,35
MNH9,11:30:23,4172.9400,22
MNH9,11:30:29,4128.0000,1
MNH9,11:30:48,4384.9800,1
MNH9,11:30:51,4384.9800,1
MNH9,11:30:56,4469.9200,1
MNH9,11:30:58,4127.0400,1
MNH9,11:30:58,4472.0000,1
MNH9,11:30:58,4085.0000,40
MNH9,11:30:58,4301.0000,1
MNH9,11:30:58,4128.9600,20
MNH9,11:30:58,4431.0600,1
MNH9,11:30:58,4086.9000,1
MNH9,11:30:58,4517.1000,15
MNH9,11:30:58,4431.0600,10
MNH9,11:30:58,4129.9200,1
MNH9,11:30:58,4388.0400,15
MNH9,11:30:58,4388.0400,1
MNH9,11:30:58,4302.0000,7
MNH9,11:30:58,4345.0200,3
MNH9,11:30:58,4129.9200,15
MNH9,11:30:58,4129.9200,15
MNH9,11:30:58,4172.9400,70
MNH9,11:30:58,4172.9400,70
MNH9,11:30:58,4086.9000,70
MNH9,11:30:58,4517.1000,70
MNH9,11:30:58,4086.9000,70
MNH9,11:30:58,4517.1000,70
MNH9,11:30:58,4474.0800,70
MNH9,11:30:58,4086.9000,70
MNH9,11:30:58,4345.0200,70
MNH9,11:30:58,4431.0600,70
MNH9,11:30:58,4345.0200,70
MNH9,11:30:58,4172.9400,70
MNH9,11:30:58,4474.0800,70
MNH9,11:30:58,4302.0000,70
MNH9,11:30:58,4129.9200,1
MNH9,11:31:02,4389.0600,1
MNH9,11:31:02,4172.9400,40
MNH9,11:31:08,4345.0200,40
MNH9,11:31:10,4388.0400,40
MNH9,11:31:10,4172.9400,20
MNH9,11:31:14,4474.0800,40
MNH9,11:31:14,4259.9700,1
MNH9,11:31:14,4346.0300,5
MNH9,11:31:14,4259.9700,30
MNH9,11:31:14,4087.8500,20
MNH9,11:31:14,4259.9700,1
MNH9,11:31:14,4518.1500,43
MNH9,11:31:31,4346.0300,2
MNH9,11:31:31,4388.0400,40
MNH9,11:31:33,4215.9600,40
MNH9,11:31:48,4345.0200,6
MNH9,11:31:48,4388.0400,40
MNH9,11:31:48,4474.0800,1
MNH9,11:31:59,4302.0000,40
MNH9,11:32:07,4345.0200,25
MNH9,11:32:07,4258.9800,15
MNH9,11:32:07,4129.9200,20
MNH9,11:32:07,4130.8800,2
MNH9,11:32:11,4431.0600,2
MNH9,11:32:36,4258.9800,10
MNH9,11:32:38,4474.0800,10
MNH9,11:32:42,4474.0800,10
MNH9,11:32:49,4085.9500,1
MNH9,11:32:49,4472.0000,1
MNH9,11:32:49,4256.0100,1
MNH9,11:32:49,4384.9800,1
MNH9,11:32:49,4299.0000,5
MNH9,11:32:49,4383.9600,2
MNH9,11:32:49,4426.9400,1
MNH9,11:32:49,4126.0800,3
MNH9,11:32:49,4255.0200,5
MNH9,11:32:49,4383.9600,1
MNH9,11:32:49,4426.9400,1
MNH9,11:32:49,4382.9400,4
MNH9,11:32:49,4168.0900,1
MNH9,11:32:49,4211.0600,1
MNH9,11:32:49,4296.0000,5
MNH9,11:32:49,4081.2000,1
MNH9,11:32:49,4124.1600,1
MNH9,11:32:49,4124.1600,1
MNH9,11:32:49,4338.9600,1
MNH9,11:32:49,4080.2500,1
MNH9,11:32:49,4509.7500,1
MNH9,11:32:49,4252.0500,11
MNH9,11:34:13,4124.1600,5
MNH9,11:34:13,4337.9500,5
MNH9,11:34:13,4336.9400,1
MNH9,11:34:13,4336.9400,1
MNH9,11:34:13,4294.0000,5
MNH9,11:34:13,4079.3000,23
MNH9,11:34:16,4510.8000,5
MNH9,11:34:16,4080.2500,5
MNH9,11:34:18,4381.9200,5
MNH9,11:34:18,4337.9500,5
MNH9,11:34:19,4167.1200,5
MNH9,11:34:19,4423.8500,5
MNH9,11:34:21,4508.7000,5
MNH9,11:34:21,4464.7200,5
MNH9,11:35:46,4253.0400,1
MNH9,11:35:46,4424.8800,1
MNH9,11:35:46,4381.9200,1
MNH9,11:36:14,4208.1200,1
MNH9,11:36:14,4208.1200,5
MNH9,11:36:14,4379.8800,4
MNH9,11:36:35,4166.1500,2
MNH9,11:36:35,4123.2000,1
MNH9,11:36:54,4467.8400,1
MNH9,11:36:54,4081.2000,1
MNH9,11:38:22,4422.8200,2
MNH9,11:38:51,4508.7000,3
MNH9,11:38:51,4079.3000,24
MNH9,11:39:00,4508.7000,2
MNH9,11:39:00,4508.7000,3
MNH9,11:39:00,4294.0000,3
MNH9,11:39:00,4422.8200,8
MNH9,11:39:00,4079.3000,2
MNH9,11:39:00,4079.3000,3
MNH9,11:39:00,4122.2400,1
MNH9,11:39:06,4465.7600,5
MNH9,11:39:41,4121.2800,4
MNH9,11:39:41,4250.0700,7
MNH9,11:39:41,4335.9300,13
MNH9,11:39:44,4378.8600,1
MNH9,11:39:44,4207.1400,3
MNH9,11:39:44,4164.2100,5
MNH9,11:39:44,4464.7200,7
MNH9,11:39:44,4121.2800,1
MNH9,11:39:52,4248.0900,3
MNH9,11:39:53,4206.1600,3
MNH9,11:39:53,4421.7900,4
MNH9,11:40:00,4379.8800,1
MNH9,11:40:00,4251.0600,1
MNH9,11:40:45,4165.1800,3
MNH9,11:41:03,4508.7000,1
MNH9,11:41:03,4294.0000,1
MNH9,11:41:03,4465.7600,1
MNH9,11:41:03,4294.0000,3
MNH9,11:41:03,4165.1800,9
MNH9,11:41:03,4294.0000,1
MNH9,11:41:03,4465.7600,6
MNH9,11:41:03,4508.7000,3
MNH9,11:41:03,4336.9400,5
MNH9,11:41:03,4251.0600,5
MNH9,11:41:03,4251.0600,4
MNH9,11:41:03,4122.2400,1
MNH9,11:41:31,4422.8200,1
MNH9,11:41:31,4079.3000,1
MNH9,11:41:31,4422.8200,1
MNH9,11:41:37,4252.0500,1
MNH9,11:41:41,4336.9400,1
MNH9,11:41:41,4336.9400,1
MNH9,11:42:00,4422.8200,1
MNH9,11:42:12,4509.7500,1
MNH9,11:42:38,4122.2400,1
MNH9,11:42:41,4209.1000,1
MNH9,11:42:42,4208.1200,48
MNH9,11:42:42,4463.6800,5
MNH9,11:42:42,4077.4000,1
MNH9,11:42:42,4334.9200,1
MNH9,11:42:42,4332.9000,1
MNH9,11:42:42,4290.0000,2
MNH9,11:42:42,4161.3000,2
MNH9,11:42:42,4162.2700,1
MNH9,11:42:46,4290.0000,1
MNH9,11:42:46,4504.5000,40
MNH9,11:42:46,4333.9100,1
MNH9,11:42:46,4162.2700,1
MNH9,11:42:46,4419.7300,10
MNH9,11:42:46,4248.0900,1
MNH9,11:42:49,4334.9200,1
MNH9,11:42:50,4120.3200,46
MNH9,11:42:50,4076.4500,2
MNH9,11:43:22,4463.6800,1
MNH9,11:43:43,4289.0000,2
MNH9,11:43:43,4246.1100,1
MNH9,11:43:43,4073.6000,1
MNH9,11:43:43,4203.2200,3
MNH9,11:43:43,4117.4400,3
MNH9,11:43:43,4117.4400,1
MNH9,11:43:45,4073.6000,5
MNH9,11:44:00,4419.7300,5
MNH9,11:44:00,4291.0000,40
MNH9,11:44:02,4505.5500,40
MNH9,11:44:03,4505.5500,5
MNH9,11:44:03,4333.9100,5
MNH9,11:44:05,4333.9100,5
MNH9,11:44:56,4416.6400,5
MNH9,11:44:56,4287.0000,1
MNH9,11:44:56,4072.6500,1
MNH9,11:44:56,4158.3900,1
MNH9,11:44:56,4415.6100,1
MNH9,11:44:56,4115.5200,1
MNH9,11:44:56,4115.5200,1
MNH9,11:44:56,4072.6500,4
MNH9,11:45:29,4115.5200,6
MNH9,11:45:38,4330.8800,1
MNH9,11:45:38,4159.3600,1
MNH9,11:45:38,4116.4800,40
MNH9,11:45:41,4416.6400,21
MNH9,11:45:50,4116.4800,2
MNH9,11:46:01,4075.5000,1
MNH9,11:46:22,4165.1800,5
MNH9,11:46:22,4122.2400,24
MNH9,11:46:41,4120.3200,1
MNH9,11:46:41,4420.7600,1
MNH9,11:48:55,4504.5000,2
MNH9,11:49:26,4291.0000,1
MNH9,11:49:26,4505.5500,40
MNH9,11:49:39,4163.2400,8
MNH9,11:49:39,4120.3200,39
MNH9,11:49:39,4463.6800,10
MNH9,11:49:39,4248.0900,3
MNH9,11:49:55,4202.2400,1
MNH9,11:49:55,4202.2400,9
MNH9,11:49:55,4458.4800,1
MNH9,11:49:55,4329.8700,1
MNH9,11:49:55,4456.4000,1
MNH9,11:49:55,4199.3000,1
MNH9,11:50:29,4497.1500,1
MNH9,11:50:29,4197.3400,1
MNH9,11:50:29,4497.1500,7
MNH9,11:50:29,4496.1000,2
MNH9,11:50:29,4239.1800,1
MNH9,11:50:29,4110.7200,1
MNH9,11:50:29,4239.1800,1
MNH9,11:50:29,4324.8200,5
MNH9,11:50:29,4196.3600,1
MNH9,11:50:29,4238.1900,1
MNH9,11:50:29,4495.0500,39
MNH9,11:50:29,4366.6200,1
MNH9,11:50:29,4066.9500,5
MNH9,11:50:29,4451.2000,4
MNH9,11:50:29,4151.6000,1
MNH9,11:50:29,4494.0000,10
MNH9,11:50:29,4451.2000,5
MNH9,11:50:29,4408.4000,1
MNH9,11:50:29,4066.0000,1
MNH9,11:50:29,4237.2000,39
MNH9,11:50:29,4151.6000,1
MNH9,11:50:29,4494.0000,35
MNH9,11:50:29,4066.0000,6
MNH9,11:50:29,4151.6000,34
MNH9,11:50:29,4494.0000,34
MNH9,11:50:29,4280.0000,39
MNH9,11:50:29,4066.0000,9
MNH9,11:50:29,4407.3700,3
MNH9,11:50:29,4236.2100,1
MNH9,11:50:29,4278.0000,1
MNH9,11:50:29,4363.5600,1
MNH9,11:50:30,4494.0000,3
MNH9,11:50:30,4408.4000,4
MNH9,11:50:30,4408.4000,7
MNH9,11:50:30,4451.2000,7
MNH9,11:50:30,4365.6000,1
MNH9,11:50:30,4322.8000,6
MNH9,11:50:30,4322.8000,6
MNH9,11:50:30,4322.8000,6
MNH9,11:50:30,4320.7800,5
MNH9,11:50:30,4449.1200,4
MNH9,11:50:30,4449.1200,1
MNH9,11:50:30,4150.6300,1
MNH9,11:50:30,4365.6000,1
MNH9,11:50:30,4236.2100,1
MNH9,11:50:30,4492.9500,1
MNH9,11:50:30,4193.4200,5
MNH9,11:50:30,4451.2000,7
MNH9,11:50:30,4451.2000,7
MNH9,11:50:30,4407.3700,1
MNH9,11:50:30,4450.1600,6
MNH9,11:50:30,4278.0000,4
MNH9,11:50:30,4237.2000,5
MNH9,11:50:30,4322.8000,7
MNH9,11:50:31,4365.6000,7
MNH9,11:50:31,4108.8000,7
MNH9,11:50:31,4108.8000,7
MNH9,11:50:31,4066.0000,1
MNH9,11:50:31,4194.4000,7
MNH9,11:50:31,4451.2000,7
MNH9,11:50:31,4365.6000,7
MNH9,11:50:32,4451.2000,7
MNH9,11:50:32,4066.0000,7
MNH9,11:50:32,4151.6000,7
MNH9,11:50:32,4494.0000,7
MNH9,11:50:33,4066.0000,7
MNH9,11:50:33,4365.6000,7
MNH9,11:50:33,4365.6000,7
MNH9,11:50:33,4066.0000,7
MNH9,11:50:34,4451.2000,7
MNH9,11:50:34,4322.8000,7
MNH9,11:50:34,4150.6300,1
MNH9,11:50:34,4321.7900,7
MNH9,11:50:34,4193.4200,7
MNH9,11:50:34,4065.0500,7
MNH9,11:50:34,4107.8400,7
MNH9,11:50:34,4279.0000,7
MNH9,11:50:34,4321.7900,7
MNH9,11:50:34,4279.0000,7
MNH9,11:50:34,4107.8400,7
MNH9,11:50:34,4321.7900,7
MNH9,11:50:34,4321.7900,7
MNH9,11:50:34,4150.6300,1
MNH9,11:50:34,4450.1600,5
MNH9,11:50:34,4279.0000,2
MNH9,11:50:34,4492.9500,2
MNH9,11:50:34,4279.0000,1
MNH9,11:50:34,4321.7900,1
MNH9,11:50:34,4193.4200,1
MNH9,11:50:35,4407.3700,7
MNH9,11:50:35,4364.5800,7
MNH9,11:50:35,4364.5800,2
MNH9,11:50:35,4280.0000,1
MNH9,11:50:35,4237.2000,1
MNH9,11:50:37,4237.2000,2
MNH9,11:50:37,4494.0000,1
MNH9,11:50:49,4193.4200,7
MNH9,11:50:49,4193.4200,5
MNH9,11:50:49,4064.1000,1
MNH9,11:50:49,4448.0800,1
MNH9,11:50:49,4490.8500,32
MNH9,11:50:49,4362.5400,40
MNH9,11:50:49,4490.8500,5
MNH9,11:50:49,4277.0000,10
MNH9,11:50:49,4148.6900,40
MNH9,11:50:49,4234.2300,5
MNH9,11:50:49,4191.4600,7
MNH9,11:50:49,4063.1500,9
MNH9,11:50:49,4105.9200,9
MNH9,11:50:49,4277.0000,8
MNH9,11:50:49,4362.5400,8
MNH9,11:50:49,4148.6900,7
MNH9,11:50:50,4234.2300,7
MNH9,11:50:50,4234.2300,7
MNH9,11:50:50,4277.0000,7
MNH9,11:50:50,4277.0000,7
MNH9,11:50:50,4234.2300,7
MNH9,11:50:50,4361.5200,7
MNH9,11:50:50,4490.8500,7
MNH9,11:50:50,4362.5400,7
MNH9,11:50:50,4148.6900,7
MNH9,11:50:50,4191.4600,7
MNH9,11:50:52,4404.2800,2
MNH9,11:50:53,4276.0000,7
MNH9,11:50:53,4447.0400,7
MNH9,11:50:53,4190.4800,1
MNH9,11:50:53,4190.4800,1
MNH9,11:50:53,4489.8000,1
MNH9,11:50:54,4317.7500,1
MNH9,11:50:56,4146.7500,1
MNH9,11:51:00,4447.0400,1
MNH9,11:51:00,4104.9600,1
MNH9,11:51:03,4403.2500,3
MNH9,11:51:09,4317.7500,1
MNH9,11:51:09,4446.0000,20
MNH9,11:51:09,4232.2500,16
MNH9,11:51:15,4403.2500,5
MNH9,11:51:19,4488.7500,18
MNH9,11:51:19,4104.0000,1
MNH9,11:51:19,4444.9600,2
MNH9,11:51:19,4144.8100,1
MNH9,11:51:19,4401.1900,1
MNH9,11:51:19,4315.7300,1
MNH9,11:51:19,4187.5400,7
MNH9,11:51:19,4314.7200,1
MNH9,11:51:19,4229.2800,3
MNH9,11:51:19,4314.7200,5
MNH9,11:51:19,4485.6000,5
MNH9,11:51:19,4228.2900,1
MNH9,11:51:19,4057.4500,5
MNH9,11:51:19,4184.6000,10
MNH9,11:51:19,4141.9000,1
MNH9,11:51:19,4312.7000,5
MNH9,11:51:19,4140.9300,1
MNH9,11:51:19,4311.6900,1
MNH9,11:51:19,4055.5500,1
MNH9,11:51:19,4269.0000,5
MNH9,11:51:19,4269.0000,20
MNH9,11:51:19,4485.6000,7
MNH9,11:51:19,4143.8400,2
MNH9,11:51:19,4442.8800,5
MNH9,11:51:19,4399.1300,1
MNH9,11:51:19,4485.6000,7
MNH9,11:51:19,4229.2800,7
MNH9,11:51:19,4229.2800,1
MNH9,11:51:19,4442.8800,7
MNH9,11:51:19,4272.0000,7
MNH9,11:51:19,4272.0000,7
MNH9,11:51:19,4314.7200,7
MNH9,11:51:19,4400.1600,7
MNH9,11:51:19,4229.2800,7
MNH9,11:51:19,4186.5600,7
MNH9,11:51:19,4058.4000,7
MNH9,11:51:19,4185.5800,1
MNH9,11:51:19,4441.8400,1
MNH9,11:51:19,4271.0000,5
MNH9,11:51:19,4399.1300,1
MNH9,11:51:19,4399.1300,1
MNH9,11:51:19,4400.1600,7
MNH9,11:51:20,4400.1600,7
MNH9,11:51:20,4441.8400,1
MNH9,11:51:20,4485.6000,7
MNH9,11:51:20,4442.8800,1
MNH9,11:51:20,4485.6000,6
MNH9,11:51:20,4101.1200,7
MNH9,11:51:21,4357.4400,7
MNH9,11:51:21,4442.8800,7
MNH9,11:51:21,4485.6000,7
MNH9,11:51:21,4357.4400,7
MNH9,11:51:21,4229.2800,7
MNH9,11:51:21,4357.4400,7
MNH9,11:51:21,4442.8800,7
MNH9,11:51:21,4229.2800,5
MNH9,11:51:21,4357.4400,4
MNH9,11:51:21,4442.8800,1
MNH9,11:51:21,4057.4500,1
MNH9,11:51:21,4485.6000,1
MNH9,11:51:22,4442.8800,3
MNH9,11:51:24,4314.7200,7
MNH9,11:51:24,4186.5600,7
MNH9,11:51:24,4400.1600,7
MNH9,11:51:25,4272.0000,7
MNH9,11:51:25,4314.7200,7
MNH9,11:51:25,4442.8800,7
MNH9,11:51:25,4229.2800,7
MNH9,11:51:25,4400.1600,7
MNH9,11:51:26,4272.0000,7
MNH9,11:51:26,4143.8400,7
MNH9,11:51:26,4357.4400,18
MNH9,11:51:26,4357.4400,1
MNH9,11:51:26,4144.8100,1
MNH9,11:51:27,4273.0000,15
MNH9,11:51:27,4401.1900,1
MNH9,11:51:27,4273.0000,1
MNH9,11:51:27,4401.1900,1
MNH9,11:51:27,4401.1900,2
MNH9,11:51:27,4230.2700,3
MNH9,11:51:30,4444.9600,1
MNH9,11:51:30,4274.0000,1
MNH9,11:51:39,4233.2400,7
MNH9,11:51:53,4362.5400,7
MNH9,11:51:53,4489.8000,1
MNH9,11:51:53,4447.0400,1
MNH9,11:51:53,4361.5200,1
MNH9,11:51:53,4147.7200,5
MNH9,11:51:53,4146.7500,1
MNH9,11:51:53,4403.2500,5
MNH9,11:51:53,4444.9600,5
MNH9,11:51:53,4444.9600,1
MNH9,11:51:53,4274.0000,1
MNH9,11:51:53,4444.9600,1
MNH9,11:51:53,4402.2200,75
MNH9,11:51:53,4103.0400,1
MNH9,11:51:53,4103.0400,48
MNH9,11:51:53,4103.0400,48
MNH9,11:51:53,4444.9600,3
MNH9,11:51:53,4145.7800,51
MNH9,11:51:53,4231.2600,51
MNH9,11:51:53,4103.0400,8
MNH9,11:51:53,4188.5200,1
MNH9,11:51:53,4274.0000,1
MNH9,11:51:53,4444.9600,6
MNH9,11:51:53,4231.2600,7
MNH9,11:51:53,4231.2600,7
MNH9,11:51:53,4274.0000,7
MNH9,11:51:53,4274.0000,7
MNH9,11:51:53,4103.0400,7
MNH9,11:51:54,4444.9600,100
MNH9,11:51:54,4316.7400,5
MNH9,11:51:56,4443.9200,2
MNH9,11:51:56,4273.0000,1
MNH9,11:51:59,4058.4000,1
MNH9,11:52:01,4442.8800,1
MNH9,11:52:03,4486.6500,1
MNH9,11:52:03,4230.2700,1
MNH9,11:52:17,4487.7000,2
MNH9,11:52:19,4315.7300,1
MNH9,11:52:19,4359.4800,1
MNH9,11:52:20,4231.2600,7
MNH9,11:52:20,4402.2200,7
MNH9,11:52:20,4274.0000,7
MNH9,11:52:20,4188.5200,2
MNH9,11:52:20,4487.7000,5
MNH9,11:52:21,4060.3000,2
MNH9,11:52:22,4401.1900,1
MNH9,11:52:23,4145.7800,1
MNH9,11:52:23,4402.2200,6
MNH9,11:52:25,4230.2700,1
MNH9,11:52:25,4315.7300,7
MNH9,11:52:26,4486.6500,5
MNH9,11:52:26,4358.4600,15
MNH9,11:52:27,4484.5500,1
MNH9,11:52:27,4356.4200,1
MNH9,11:52:32,4057.4500,1
MNH9,11:52:34,4313.7100,1
MNH9,11:52:36,4399.1300,2
MNH9,11:52:36,4440.8000,1
MNH9,11:52:37,4484.5500,7
MNH9,11:52:37,4141.9000,1
MNH9,11:52:37,4398.1000,3
MNH9,11:52:37,4312.7000,5
MNH9,11:52:37,4056.5000,1
MNH9,11:52:37,4398.1000,2
MNH9,11:52:37,4141.9000,2
MNH9,11:52:37,4141.9000,1
MNH9,11:52:37,4270.0000,1
MNH9,11:52:37,4099.2000,1
MNH9,11:52:37,4141.9000,1
MNH9,11:52:37,4056.5000,1
MNH9,11:52:37,4398.1000,1
MNH9,11:52:37,4141.9000,1
MNH9,11:52:37,4398.1000,1
MNH9,11:52:37,4440.8000,1
MNH9,11:52:37,4398.1000,1
MNH9,11:52:37,4312.7000,1
MNH9,11:52:37,4398.1000,1
MNH9,11:52:37,4184.6000,1
MNH9,11:52:37,4270.0000,1
MNH9,11:52:37,4141.9000,1
MNH9,11:52:37,4483.5000,2
MNH9,11:52:37,4141.9000,2
MNH9,11:52:37,4355.4000,1
MNH9,11:52:37,4438.7200,2
MNH9,11:52:37,4182.6400,7
MNH9,11:52:37,4309.6700,5
MNH9,11:52:37,4223.3400,2
MNH9,11:52:37,4308.6600,72
MNH9,11:52:38,4483.5000,5
MNH9,11:52:38,4440.8000,1
MNH9,11:52:38,4139.9600,7
MNH9,11:52:38,4097.2800,3
MNH9,11:52:38,4353.3600,3
MNH9,11:52:38,4396.0400,1
MNH9,11:52:38,4268.0000,7
MNH9,11:52:38,4268.0000,7
MNH9,11:52:38,4139.9600,7
MNH9,11:52:38,4139.9600,5
MNH9,11:52:38,4441.8400,5
MNH9,11:52:38,4441.8400,1
MNH9,11:52:38,4057.4500,1
MNH9,11:52:42,4057.4500,2
MNH9,11:52:47,4184.6000,3
MNH9,11:52:47,4055.5500,1
MNH9,11:52:47,4055.5500,5
MNH9,11:52:47,4182.6400,1
MNH9,11:52:53,4355.4000,2
MNH9,11:52:53,4097.2800,1
MNH9,11:52:55,4440.8000,7
MNH9,11:53:04,4182.6400,3
MNH9,11:53:04,4483.5000,5
MNH9,11:53:12,4100.1600,2
MNH9,11:53:12,4399.1300,7
MNH9,11:53:13,4399.1300,7
MNH9,11:53:13,4227.3000,1
MNH9,11:53:13,4399.1300,5
MNH9,11:53:13,4356.4200,1
MNH9,11:53:13,4271.0000,1
MNH9,11:53:16,4060.3000,5
MNH9,11:53:22,4185.5800,7
MNH9,11:53:22,4141.9000,5
MNH9,11:53:22,4355.4000,1
MNH9,11:53:22,4440.8000,1
MNH9,11:53:22,4227.3000,1
MNH9,11:53:22,4311.6900,3
MNH9,11:53:22,4098.2400,1
MNH9,11:53:22,4439.7600,1
MNH9,11:53:22,4269.0000,1
MNH9,11:53:22,4438.7200,1
MNH9,11:53:22,4097.2800,1
MNH9,11:53:23,4053.6500,1
MNH9,11:53:23,4310.6800,5
MNH9,11:53:23,4438.7200,1
MNH9,11:53:23,4225.3200,4
MNH9,11:53:23,4310.6800,1
MNH9,11:53:23,4354.3800,1
MNH9,11:53:23,4098.2400,1
MNH9,11:53:28,4270.0000,1
MNH9,11:53:28,4398.1000,3
MNH9,11:53:28,4056.5000,2
MNH9,11:53:28,4141.9000,4
MNH9,11:53:28,4483.5000,1
MNH9,11:53:28,4099.2000,2
MNH9,11:53:31,4226.3100,7
MNH9,11:53:31,4438.7200,1
MNH9,11:53:31,4054.6000,1
MNH9,11:53:31,4438.7200,5
MNH9,11:53:31,4439.7600,1
MNH9,11:53:31,4141.9000,5
MNH9,11:53:32,4098.2400,1
MNH9,11:53:32,4141.9000,1
MNH9,11:53:32,4270.0000,5
MNH9,11:53:38,4312.7000,5
MNH9,11:53:38,4356.4200,7
MNH9,11:53:38,4271.0000,7
MNH9,11:53:38,4271.0000,6
MNH9,11:53:38,4314.7200,1
MNH9,11:53:38,4101.1200,4
MNH9,11:54:05,4100.1600,1
MNH9,11:54:05,4056.5000,1
MNH9,11:54:27,4183.6200,1
MNH9,11:54:32,4355.4000,1
MNH9,11:54:36,4272.0000,3
MNH9,11:54:51,4143.8400,39
MNH9,11:54:51,4314.7200,1
MNH9,11:55:43,4400.1600,3
MNH9,11:55:47,4231.2600,1
MNH9,11:55:47,4360.5000,1
MNH9,11:55:47,4488.7500,5
MNH9,11:55:47,4403.2500,2
MNH9,11:55:48,4104.0000,1
MNH9,11:55:48,4488.7500,2
MNH9,11:55:48,4106.8800,40
MNH9,11:55:48,4106.8800,5
MNH9,11:55:48,4193.4200,1
MNH9,11:55:48,4150.6300,1
MNH9,11:55:48,4450.1600,1
MNH9,11:55:48,4237.2000,39
MNH9,11:55:48,4280.0000,1
MNH9,11:55:48,4451.2000,12
MNH9,11:55:49,4193.4200,1
MNH9,11:55:55,4154.5100,2
MNH9,11:55:57,4326.8400,1
MNH9,11:55:57,4241.1600,1
MNH9,11:56:05,4153.5400,1
MNH9,11:56:05,4153.5400,1
MNH9,11:56:05,4452.2400,1
MNH9,11:56:05,4152.5700,1
MNH9,11:56:05,4409.4300,1
MNH9,11:56:05,4066.9500,1
MNH9,11:56:05,4195.3800,1
MNH9,11:56:05,4409.4300,1
MNH9,11:56:05,4195.3800,1
MNH9,11:56:10,4364.5800,1
MNH9,11:56:10,4235.2200,5
MNH9,11:56:10,4235.2200,1
MNH9,11:56:10,4319.7700,5
MNH9,11:56:35,4317.7500,1
MNH9,11:56:41,4448.0800,40
MNH9,11:56:41,4277.0000,1
MNH9,11:56:41,4279.0000,1
MNH9,11:56:41,4237.2000,1
MNH9,11:56:41,4322.8000,1
MNH9,11:56:41,4451.2000,3
MNH9,11:56:42,4279.0000,1
MNH9,11:56:43,4066.0000,7
MNH9,11:56:47,4279.0000,1
MNH9,11:56:47,4279.0000,1
MNH9,11:56:47,4107.8400,1
MNH9,11:57:47,4410.4600,1
MNH9,11:57:47,4196.3600,1
MNH9,11:58:33,4325.8300,1
MNH9,11:59:35,4497.1500,1
MNH9,11:59:35,4154.5100,3
MNH9,11:59:41,4408.4000,1
MNH9,11:59:41,4408.4000,3
MNH9,11:59:55,4195.3800,1
MNH9,12:00:41,4411.4900,6
MNH9,12:02:11,4324.8200,1
MNH9,12:02:11,4196.3600,2
MNH9,12:02:40,4281.0000,1
MNH9,12:02:48,4366.6200,1
MNH9,12:02:59,4323.8100,1
MNH9,12:02:59,4365.6000,1
MNH9,12:02:59,4237.2000,8
MNH9,12:02:59,4322.8000,3
MNH9,12:02:59,4108.8000,1
MNH9,12:03:19,4108.8000,10
MNH9,12:03:19,4451.2000,40
MNH9,12:03:19,4108.8000,1
MNH9,12:03:19,4194.4000,1
MNH9,12:03:19,4194.4000,1
MNH9,12:03:19,4365.6000,5
MNH9,12:03:19,4322.8000,3
MNH9,12:03:19,4151.6000,5
MNH9,12:03:19,4322.8000,2
MNH9,12:03:19,4237.2000,5
MNH9,12:03:20,4365.6000,1
MNH9,12:03:20,4451.2000,1
MNH9,12:03:20,4494.0000,1
MNH9,12:03:20,4066.0000,61
MNH9,12:04:09,4191.4600,1
MNH9,12:04:27,4360.5000,1
MNH9,12:04:27,4146.7500,1
MNH9,12:04:27,4232.2500,5
MNH9,12:04:27,4275.0000,7
MNH9,12:04:28,4273.0000,2
MNH9,12:04:28,4102.0800,1
MNH9,12:04:31,4230.2700,1
MNH9,12:04:34,4186.5600,1
MNH9,12:04:34,4314.7200,5
MNH9,12:04:34,4442.8800,4
MNH9,12:04:46,4401.1900,4
MNH9,12:04:46,4443.9200,1
MNH9,12:05:03,4275.0000,1
MNH9,12:05:03,4360.5000,1
MNH9,12:05:03,4446.0000,1
MNH9,12:05:03,4488.7500,1
MNH9,12:05:03,4189.5000,1
MNH9,12:05:06,4400.1600,1
MNH9,12:06:43,4183.6200,5
MNH9,12:06:43,4311.6900,1
MNH9,12:06:43,4183.6200,1
MNH9,12:06:43,4183.6200,1
MNH9,12:06:43,4438.7200,1
MNH9,12:06:43,4268.0000,1
MNH9,12:06:43,4139.9600,1
MNH9,12:06:43,4481.4000,4
MNH9,12:06:43,4097.2800,3
MNH9,12:06:52,4438.7200,1
MNH9,12:07:01,4438.7200,1
MNH9,12:07:20,4138.0200,1
MNH9,12:07:20,4095.3600,1
MNH9,12:07:20,4138.0200,1
MNH9,12:07:20,4436.6400,1
MNH9,12:07:20,4052.7000,1
MNH9,12:07:20,4479.3000,1
MNH9,12:07:20,4308.6600,4
MNH9,12:07:23,4138.0200,1
MNH9,12:07:23,4308.6600,25
MNH9,12:07:30,4096.3200,1
MNH9,12:07:32,4395.0100,1
MNH9,12:07:55,4053.6500,1
MNH9,12:08:20,4438.7200,1
MNH9,12:08:21,4480.3500,2
MNH9,12:08:22,4353.3600,10
MNH9,12:08:56,4351.3200,1
MNH9,12:09:01,4094.4000,1
MNH9,12:09:13,4094.4000,4
MNH9,12:09:13,4392.9500,1
MNH9,12:09:13,4054.6000,9
MNH9,12:09:13,4054.6000,3
MNH9,12:11:28,4312.7000,1
MNH9,12:11:28,4060.3000,1
MNH9,12:11:28,4487.7000,5
MNH9,12:11:28,4359.4800,40
MNH9,12:11:28,4360.5000,5
MNH9,12:11:28,4275.0000,1
MNH9,12:11:28,4104.0000,1
MNH9,12:11:28,4360.5000,4
MNH9,12:11:28,4061.2500,21
MNH9,12:11:28,4232.2500,4
MNH9,12:11:29,4146.7500,1
MNH9,12:11:29,4104.9600,1
MNH9,12:11:29,4404.2800,1
MNH9,12:11:29,4190.4800,1
MNH9,12:11:29,4489.8000,3
MNH9,12:11:29,4318.7600,2
MNH9,12:11:29,4104.9600,1
MNH9,12:11:31,4192.4400,17
MNH9,12:11:43,4236.2100,1
MNH9,12:11:43,4364.5800,1
MNH9,12:12:12,4063.1500,1
MNH9,12:12:34,4450.1600,3
MNH9,12:12:34,4450.1600,2
MNH9,12:13:09,4105.9200,4
MNH9,12:13:15,4189.5000,1
MNH9,12:13:15,4403.2500,1
MNH9,12:13:21,4488.7500,1
MNH9,12:13:25,4233.2400,1
MNH9,12:14:41,4105.9200,1
MNH9,12:14:51,4107.8400,1
MNH9,12:14:51,4492.9500,1
MNH9,12:14:51,4279.0000,1
MNH9,12:14:51,4065.0500,1
MNH9,12:14:51,4065.0500,21
MNH9,12:14:51,4492.9500,1
MNH9,12:15:32,4066.0000,1
MNH9,12:15:32,4322.8000,1
MNH9,12:15:42,4282.0000,3
MNH9,12:15:42,4153.5400,1
MNH9,12:15:42,4324.8200,1
MNH9,12:16:02,4241.1600,1
MNH9,12:16:22,4501.3500,1
MNH9,12:16:30,4072.6500,1
MNH9,12:16:37,4071.7000,1
MNH9,12:16:37,4071.7000,1
MNH9,12:16:37,4114.5600,1
MNH9,12:17:23,4459.5200,39
MNH9,12:17:23,4502.4000,10
MNH9,12:17:37,4330.8800,6
MNH9,12:17:40,4331.8900,30
MNH9,12:17:40,4289.0000,4
MNH9,12:17:40,4417.6700,1
MNH9,12:17:40,4460.5600,14
MNH9,12:17:41,4461.6000,2
MNH9,12:17:41,4118.4000,14
MNH9,12:17:42,4375.8000,2
MNH9,12:17:44,4247.1000,14
MNH9,12:17:44,4290.0000,35
MNH9,12:17:57,4201.2600,1
MNH9,12:17:59,4158.3900,7
MNH9,12:17:59,4287.0000,3
MNH9,12:18:05,4416.6400,1
MNH9,12:18:05,4416.6400,40
MNH9,12:18:07,4159.3600,40
MNH9,12:18:08,4502.4000,1
MNH9,12:18:08,4416.6400,3
MNH9,12:18:09,4417.6700,25
MNH9,12:18:09,4330.8800,1
MNH9,12:18:28,4071.7000,1
MNH9,12:18:28,4456.4000,1
MNH9,12:18:43,4371.7200,5
MNH9,12:18:43,4328.8600,20
MNH9,12:18:57,4328.8600,20
MNH9,12:18:57,4157.4200,5
MNH9,12:23:02,4073.6000,39
MNH9,12:23:02,4202.2400,10
MNH9,12:23:45,4159.3600,26
MNH9,12:23:45,4330.8800,40
MNH9,12:24:00,4373.7600,60
MNH9,12:24:00,4372.7400,1
MNH9,12:24:00,4458.4800,1
MNH9,12:24:07,4156.4500,1
MNH9,12:24:07,4413.5500,4
MNH9,12:24:13,4287.0000,1
MNH9,12:24:13,4372.7400,1
MNH9,12:24:13,4415.6100,40
MNH9,12:24:13,4501.3500,7
MNH9,12:24:42,4370.7000,1
MNH9,12:25:01,4282.0000,1
MNH9,12:25:01,4153.5400,1
MNH9,12:25:01,4367.6400,5
MNH9,12:25:01,4282.0000,7
MNH9,12:25:01,4067.9000,1
MNH9,12:25:01,4367.6400,7
MNH9,12:25:01,4066.9500,2
MNH9,12:25:23,4408.4000,1
MNH9,12:25:23,4151.6000,9
MNH9,12:25:24,4066.9500,1
MNH9,12:25:50,4235.2200,1
MNH9,12:25:50,4146.7500,2
MNH9,12:25:53,4232.2500,1
MNH9,12:26:00,4103.0400,5
MNH9,12:26:00,4059.3500,1
MNH9,12:26:00,4230.2700,7
MNH9,12:26:00,4186.5600,5
MNH9,12:26:00,4229.2800,1
MNH9,12:26:00,4357.4400,6
MNH9,12:26:00,4231.2600,1
MNH9,12:27:16,4274.0000,1
MNH9,12:27:17,4059.3500,2
MNH9,12:27:17,4273.0000,5
MNH9,12:27:17,4401.1900,4
MNH9,12:27:19,4231.2600,1
MNH9,12:27:19,4231.2600,1
MNH9,12:27:19,4402.2200,1
MNH9,12:27:19,4231.2600,1
MNH9,12:27:26,4447.0400,1
MNH9,12:27:26,4404.2800,1
MNH9,12:27:26,4361.5200,5
MNH9,12:28:48,4320.7800,1
MNH9,12:29:03,4235.2200,1
MNH9,12:29:03,4363.5600,22
MNH9,12:29:03,4106.8800,18
MNH9,12:29:03,4320.7800,1
MNH9,12:29:03,4407.3700,4
MNH9,12:29:03,4450.1600,1
MNH9,12:29:03,4364.5800,1
MNH9,12:29:03,4065.0500,1
MNH9,12:29:03,4450.1600,1
MNH9,12:29:03,4407.3700,2
MNH9,12:29:31,4110.7200,1
MNH9,12:29:31,4067.9000,1
MNH9,12:30:06,4451.2000,1
MNH9,12:30:06,4194.4000,2
MNH9,12:32:30,4407.3700,1
MNH9,12:32:30,4451.2000,2
MNH9,12:32:30,4108.8000,40
MNH9,12:32:30,4365.6000,7
MNH9,12:33:27,4107.8400,1
MNH9,12:33:36,4236.2100,5
MNH9,12:34:30,4405.3100,1
MNH9,12:34:52,4319.7700,10
MNH9,12:34:52,4362.5400,1
MNH9,12:34:52,4405.3100,6
MNH9,12:34:52,4362.5400,2
MNH9,12:35:14,4361.5200,2
MNH9,12:36:40,4233.2400,1
MNH9,12:36:40,4489.8000,1
MNH9,12:36:40,4489.8000,7
MNH9,12:36:40,4104.9600,7
MNH9,12:36:40,4190.4800,26
MNH9,12:36:40,4276.0000,7
MNH9,12:36:40,4062.2000,1
MNH9,12:36:40,4318.7600,12
MNH9,12:36:40,4404.2800,23
MNH9,12:36:40,4276.0000,7
MNH9,12:36:40,4062.2000,5
MNH9,12:36:40,4489.8000,2
MNH9,12:36:40,4104.9600,5
MNH9,12:36:40,4233.2400,5
MNH9,12:36:40,4062.2000,5
MNH9,12:36:40,4361.5200,5
MNH9,12:36:40,4361.5200,7
MNH9,12:36:40,4489.8000,7
MNH9,12:36:40,4318.7600,7
MNH9,12:36:40,4447.0400,7
MNH9,12:36:40,4318.7600,1
MNH9,12:36:40,4363.5600,6
MNH9,12:37:25,4492.9500,2
MNH9,12:38:20,4236.2100,1
MNH9,12:38:20,4450.1600,1
MNH9,12:38:20,4108.8000,2
MNH9,12:40:01,4281.0000,1
MNH9,12:40:21,4496.1000,4
MNH9,12:40:57,4065.0500,1
MNH9,12:41:09,4279.0000,7
MNH9,12:41:09,4192.4400,1
MNH9,12:41:09,4278.0000,1
MNH9,12:41:09,4149.6600,1
MNH9,12:41:09,4106.8800,1
MNH9,12:41:09,4320.7800,1
MNH9,12:41:21,4148.6900,1
MNH9,12:42:19,4192.4400,1
MNH9,12:42:19,4449.1200,1
MNH9,12:42:19,4363.5600,1
MNH9,12:42:19,4449.1200,1
MNH9,12:42:19,4192.4400,1
MNH9,12:42:19,4192.4400,1
MNH9,12:42:45,4406.3400,4
MNH9,12:42:45,4235.2200,5
MNH9,12:43:30,4276.0000,1
MNH9,12:43:30,4104.9600,1
MNH9,12:43:30,4190.4800,5
MNH9,12:43:30,4104.9600,5
MNH9,12:43:56,4447.0400,1
MNH9,12:43:56,4277.0000,3
MNH9,12:44:19,4062.2000,4
MNH9,12:44:41,4317.7500,1
MNH9,12:45:20,4317.7500,1
MNH9,12:45:20,4359.4800,30
MNH9,12:45:20,4274.0000,1
MNH9,12:45:20,4359.4800,5
MNH9,12:45:20,4316.7400,7
MNH9,12:45:20,4102.0800,1
MNH9,12:45:20,4273.0000,1
MNH9,12:45:20,4443.9200,5
MNH9,12:45:20,4059.3500,1
MNH9,12:45:20,4186.5600,5
MNH9,12:45:20,4442.8800,1
MNH9,12:45:20,4229.2800,10
MNH9,12:45:20,4485.6000,5
MNH9,12:45:20,4272.0000,27
MNH9,12:45:20,4401.1900,5
MNH9,12:45:20,4442.8800,1
MNH9,12:45:23,4274.0000,1
MNH9,12:45:38,4231.2600,3
MNH9,12:46:18,4487.7000,1
MNH9,12:46:19,4060.3000,3
MNH9,12:46:19,4231.2600,4
MNH9,12:46:20,4315.7300,1
MNH9,12:46:25,4101.1200,1
MNH9,12:46:26,4057.4500,1
MNH9,12:46:28,4228.2900,4
MNH9,12:46:29,4313.7100,7
MNH9,12:46:29,4440.8000,13
MNH9,12:46:29,4142.8700,3
MNH9,12:46:29,4100.1600,2
MNH9,12:46:30,4057.4500,1
MNH9,12:46:48,4229.2800,1
MNH9,12:46:48,4058.4000,1
MNH9,12:47:05,4313.7100,5
MNH9,12:47:07,4398.1000,17
MNH9,12:47:07,4056.5000,3
MNH9,12:47:36,4099.2000,30
MNH9,12:47:36,4270.0000,7
MNH9,12:47:38,4482.4500,1
MNH9,12:47:39,4440.8000,1
MNH9,12:47:45,4352.3400,1
MNH9,12:47:45,4267.0000,1
MNH9,12:47:45,4181.6600,1
MNH9,12:47:50,4224.3300,7
MNH9,12:47:52,4480.3500,7
MNH9,12:47:53,4138.9900,7
MNH9,12:47:58,4352.3400,7
MNH9,12:47:59,4393.9800,5
MNH9,12:48:00,4351.3200,1
MNH9,12:48:02,4179.7000,29
MNH9,12:48:02,4350.3000,21
MNH9,12:48:02,4265.0000,9
MNH9,12:48:02,4137.0500,5
MNH9,12:48:02,4350.3000,1
MNH9,12:48:06,4435.6000,2
MNH9,12:48:11,4138.9900,9
MNH9,12:48:12,4265.0000,2
MNH9,12:48:31,4179.7000,30
MNH9,12:48:31,4222.3500,7
MNH9,12:48:31,4306.6400,5
MNH9,12:48:31,4178.7200,5
MNH9,12:48:31,4306.6400,5
MNH9,12:48:31,4264.0000,25
MNH9,12:48:31,4477.2000,1
MNH9,12:48:31,4391.9200,1
MNH9,12:48:31,4306.6400,7
MNH9,12:48:31,4349.2800,7
MNH9,12:48:31,4477.2000,7
MNH9,12:48:31,4308.6600,4
MNH9,12:48:31,4479.3000,1
MNH9,12:49:26,4265.0000,30
MNH9,12:49:26,4179.7000,7
MNH9,12:49:26,4094.4000,7
MNH9,12:49:26,4222.3500,7
MNH9,12:49:26,4392.9500,7
MNH9,12:49:26,4094.4000,7
MNH9,12:49:26,4137.0500,7
MNH9,12:49:26,4222.3500,7
MNH9,12:49:26,4350.3000,7
MNH9,12:49:26,4307.6500,7
MNH9,12:49:26,4222.3500,7
MNH9,12:49:26,4435.6000,5
MNH9,12:49:26,4137.0500,1
MNH9,12:49:26,4392.9500,1
MNH9,12:49:26,4179.7000,7
MNH9,12:49:26,4051.7500,7
MNH9,12:49:27,4264.0000,7
MNH9,12:49:30,4177.7400,7
MNH9,12:49:30,4433.5200,7
MNH9,12:49:30,4433.5200,7
MNH9,12:49:30,4305.6300,7
MNH9,12:49:30,4177.7400,6
MNH9,12:49:30,4178.7200,1
MNH9,12:49:30,4349.2800,1
MNH9,12:49:30,4264.0000,5
MNH9,12:49:46,4348.2600,7
MNH9,12:49:48,4135.1100,7
MNH9,12:49:52,4390.8900,7
MNH9,12:49:56,4135.1100,7
MNH9,12:49:57,4433.5200,7
MNH9,12:50:03,4347.2400,7
MNH9,12:50:14,4176.7600,1
MNH9,12:50:14,4049.8500,1
MNH9,12:50:14,4177.7400,38
MNH9,12:50:25,4348.2600,2
MNH9,12:50:25,4262.0000,3
MNH9,12:50:25,4350.3000,2
MNH9,12:50:35,4264.0000,5
MNH9,12:50:38,4176.7600,7
MNH9,12:50:38,4047.9500,1
MNH9,12:50:38,4175.7800,92
MNH9,12:50:41,4347.2400,7
MNH9,12:50:41,4346.2200,65
MNH9,12:50:41,4090.5600,1
MNH9,12:50:41,4431.4400,1
MNH9,12:50:41,4303.6100,5
MNH9,12:50:41,4387.8000,1
MNH9,12:50:41,4260.0000,1
MNH9,12:50:41,4302.6000,2
MNH9,12:50:41,4473.0000,1
MNH9,12:50:41,4174.8000,16
MNH9,12:50:41,4134.1400,7
MNH9,12:50:41,4474.0500,2
MNH9,12:50:43,4091.5200,1
MNH9,12:50:43,4474.0500,2
MNH9,12:50:43,4217.4000,14
MNH9,12:50:43,4217.4000,1
MNH9,12:50:43,4430.4000,5
MNH9,12:50:43,4174.8000,1
MNH9,12:50:43,4047.0000,9
MNH9,12:50:43,4387.8000,9
MNH9,12:50:43,4345.2000,6
MNH9,12:50:43,4387.8000,7
