SECID,TRADETIME,PRICE,QUANTITY
SVH9,19:05:03,16.0160,6
SVH9,19:06:16,14.9283,1
SVH9,19:06:16,15.0822,1
SVH9,19:06:17,15.6978,1
SVH9,19:06:35,16.1700,3
SVH9,19:06:35,16.0160,2
SVH9,19:06:35,15.2460,5
SVH9,19:07:23,15.2460,1
SVH9,19:09:01,15.7080,5
SVH9,19:09:51,14.6300,2
SVH9,19:11:26,15.5439,2
SVH9,19:13:15,15.8620,10
SVH9,19:14:47,14.6300,37
SVH9,19:14:47,15.7080,3
SVH9,19:15:34,15.0920,14
SVH9,19:15:34,14.7840,4
SVH9,19:16:10,15.2460,15
SVH9,19:16:22,15.0920,2
SVH9,19:16:37,15.5540,1
SVH9,19:16:37,15.7080,3
SVH9,19:17:07,16.1700,12
SVH9,19:17:25,15.5439,14
SVH9,19:17:38,15.0920,6
SVH9,19:17:58,15.8620,1
SVH9,19:18:34,16.0056,5
SVH9,19:23:46,15.8620,10
SVH9,19:23:50,15.5540,4
SVH9,19:23:53,15.0920,2
SVH9,19:23:59,15.2460,1
SVH9,19:24:01,16.1700,1
SVH9,19:29:17,14.6205,9
SVH9,19:29:17,15.0822,1
SVH9,19:29:17,15.3900,1
SVH9,19:32:18,15.9952,1
SVH9,19:33:10,16.0056,21
SVH9,19:42:30,15.8517,19
SVH9,19:42:30,15.6978,1
SVH9,19:42:44,15.0822,2
SVH9,19:43:46,15.6978,37
SVH9,19:49:46,14.6300,4
SVH9,19:49:46,15.0920,1
SVH9,19:49:46,16.0160,1
SVH9,19:51:25,15.2262,10
SVH9,19:51:25,15.2262,10
SVH9,19:51:25,14.6110,1
SVH9,19:51:25,15.2262,5
SVH9,19:51:25,15.2262,2
SVH9,19:51:25,15.6876,3
SVH9,19:51:25,16.1490,1
SVH9,19:51:25,16.1490,4
SVH9,19:51:26,14.6110,1
SVH9,19:51:35,15.5338,1
SVH9,19:51:56,15.6876,2
SVH9,19:51:56,15.3800,1
SVH9,19:51:56,14.6110,45
SVH9,19:51:56,15.3800,5
SVH9,19:52:08,15.6876,1
SVH9,19:52:19,16.1490,42
SVH9,19:52:19,15.5338,7
SVH9,19:52:19,15.3800,1
SVH9,19:52:21,15.3700,2
SVH9,19:52:22,14.7552,1
SVH9,19:52:22,15.2163,6
SVH9,19:52:22,15.8311,1
SVH9,19:52:22,15.6774,1
SVH9,19:52:43,16.1385,2
SVH9,19:53:02,15.5237,2
SVH9,19:53:02,15.9848,1
SVH9,19:53:02,14.9089,12
SVH9,19:55:01,14.7648,15
SVH9,19:56:16,15.0724,7
SVH9,19:57:51,14.9380,1
SVH9,19:58:04,15.0920,1
SVH9,20:05:22,14.7840,4
SVH9,20:05:22,14.9380,12
SVH9,20:05:22,14.6300,22
SVH9,20:05:22,16.0160,12
SVH9,20:10:26,15.5338,3
SVH9,20:10:40,14.9186,1
SVH9,20:10:45,15.0724,2
SVH9,20:10:45,15.0724,19
SVH9,20:13:41,14.6015,1
SVH9,20:13:41,14.6110,5
SVH9,20:18:45,15.6672,1
SVH9,20:18:46,14.5920,9
SVH9,20:18:46,15.6672,1
SVH9,20:18:46,14.8992,20
SVH9,20:18:46,15.5136,25
SVH9,20:18:46,14.8895,1
SVH9,20:18:46,15.8105,7
SVH9,20:18:46,15.1965,25
SVH9,20:18:46,14.8895,1
SVH9,20:18:46,15.9640,1
SVH9,20:18:46,15.8105,1
SVH9,20:18:46,14.7360,2
SVH9,20:18:46,15.9640,3
SVH9,20:18:46,15.0430,38
SVH9,20:19:16,15.0626,2
SVH9,20:19:48,14.8992,1
SVH9,20:20:08,14.7552,1
SVH9,20:20:46,14.5920,10
SVH9,20:20:46,15.2064,3
SVH9,20:20:46,15.9744,3
SVH9,20:23:01,15.3600,2
SVH9,20:24:56,15.8208,2
SVH9,20:24:56,14.7456,4
SVH9,20:24:56,15.0528,4
SVH9,20:27:53,15.5035,5
SVH9,20:27:53,15.9640,5
SVH9,20:27:53,14.7360,8
SVH9,20:32:04,15.5136,5
SVH9,20:32:04,15.5136,5
SVH9,20:32:05,15.2064,2
SVH9,20:32:42,15.0430,2
SVH9,20:32:42,16.1175,1
SVH9,20:33:01,15.8208,1
SVH9,20:35:32,15.8105,1
SVH9,20:35:35,16.1175,1
SVH9,20:35:38,15.6570,1
SVH9,20:35:41,15.1965,1
SVH9,20:48:12,15.9640,5
SVH9,20:48:12,15.8105,16
SVH9,20:51:16,15.0528,2
SVH9,20:52:06,15.6672,2
SVH9,20:52:06,14.5920,4
SVH9,20:52:06,15.9744,1
SVH9,21:00:51,15.8208,5
SVH9,21:01:38,15.6672,1
SVH9,21:01:54,15.6570,4
SVH9,21:01:54,14.5825,10
SVH9,21:01:54,15.5035,1
SVH9,21:02:00,15.1965,4
SVH9,21:04:09,14.8992,7
SVH9,21:06:47,15.2163,1
SVH9,21:15:40,15.0528,10
SVH9,21:18:14,15.5136,1
SVH9,21:18:14,15.5136,1
SVH9,21:19:20,15.3600,2
SVH9,21:20:35,14.7456,1
SVH9,21:21:23,15.9848,3
SVH9,21:28:28,15.5237,13
SVH9,21:28:28,15.0626,16
SVH9,21:28:28,15.3700,3
SVH9,21:28:28,14.6015,6
SVH9,21:28:28,15.6774,2
SVH9,21:29:54,16.1175,1
SVH9,21:29:54,14.7360,2
SVH9,21:29:54,15.1965,2
SVH9,21:29:54,15.6570,5
SVH9,21:29:54,15.3500,1
SVH9,21:29:54,15.0430,2
SVH9,21:31:39,15.5035,2
SVH9,21:32:54,15.6774,1
SVH9,21:39:21,14.7456,2
SVH9,21:39:21,15.8208,1
SVH9,21:44:03,15.6672,1
SVH9,21:44:04,14.5920,2
SVH9,21:44:09,15.2163,6
SVH9,21:44:48,16.1280,15
SVH9,21:44:48,15.0528,1
SVH9,21:44:48,15.5136,2
SVH9,21:53:30,15.5035,2
SVH9,21:55:40,15.3500,1
SVH9,21:56:19,15.1965,77
SVH9,21:56:19,15.0430,5
SVH9,21:56:19,15.3500,2
SVH9,21:56:19,15.5035,10
SVH9,21:56:19,14.5825,2
SVH9,21:56:19,16.1175,2
SVH9,21:56:19,14.8895,8
SVH9,21:56:19,15.1965,1
SVH9,21:56:19,14.8895,20
SVH9,21:56:19,14.5825,5
SVH9,21:56:57,15.4934,8
SVH9,21:56:57,15.9536,1
SVH9,21:56:57,14.5730,2
SVH9,21:56:57,15.9536,7
SVH9,21:56:57,15.3400,8
SVH9,21:56:57,15.0332,4
SVH9,21:58:02,14.8895,23
SVH9,21:59:52,14.7360,21
SVH9,22:03:05,15.5035,1
SVH9,22:03:05,15.1965,1
SVH9,22:03:05,14.8895,1
SVH9,22:09:28,15.5035,2
SVH9,22:10:10,16.1175,38
SVH9,22:11:42,14.7360,1
SVH9,22:18:09,15.5035,1
SVH9,22:18:10,15.1965,1
SVH9,22:18:12,15.8105,1
SVH9,22:18:58,15.9640,1
SVH9,22:19:02,15.3500,96
SVH9,22:27:22,15.1866,6
SVH9,22:27:22,14.7264,1
SVH9,22:27:22,15.6468,10
SVH9,22:27:22,14.8798,1
SVH9,22:27:22,14.5730,10
SVH9,22:27:22,14.7264,1
SVH9,22:27:22,15.3400,5
SVH9,22:27:22,14.7264,2
SVH9,22:27:22,14.5730,2
SVH9,22:27:22,15.8002,12
SVH9,22:27:22,15.6468,3
SVH9,22:41:51,16.1175,2
SVH9,22:56:23,14.8992,7
SVH9,22:56:23,15.0528,34
SVH9,22:56:23,15.8208,1
SVH9,22:56:59,15.5237,1
SVH9,22:56:59,15.9848,6
SVH9,23:18:06,14.9089,14
SVH9,23:18:06,15.6774,19
SVH9,23:18:10,15.9848,33
SVH9,23:19:57,15.2064,33
SVH9,23:34:06,15.8311,2
SVH9,23:34:06,15.9848,3
SVH9,23:34:06,15.0626,15
SVH9,23:34:06,15.2163,1
SVH9,23:34:06,14.7552,1
SVH9,23:34:06,15.6774,1
SVH9,23:34:06,15.8311,33
SVH9,23:45:06,15.8414,1
SVH9,23:49:01,15.6876,2
SVH9,23:49:26,15.5237,1
SVH9,23:49:51,15.9848,14
SVH9,10:00:00,14.6110,8
SVH9,10:00:00,14.9186,1
SVH9,10:00:00,14.6205,1
SVH9,10:00:00,16.0160,5
SVH9,10:00:00,15.5540,1
SVH9,10:00:00,15.2460,1
SVH9,10:00:00,14.9477,3
SVH9,10:00:00,15.2559,5
SVH9,10:00:00,16.0264,2
SVH9,10:00:00,15.7182,5
SVH9,10:00:00,15.7284,1
SVH9,10:00:00,15.8826,1
SVH9,10:00:00,14.6490,5
SVH9,10:00:00,14.9671,1
SVH9,10:00:00,15.8929,10
SVH9,10:00:00,15.7386,3
SVH9,10:00:00,15.7386,37
SVH9,10:00:01,16.2120,2
SVH9,10:00:02,15.4400,1
SVH9,10:00:21,15.5843,1
SVH9,10:00:32,15.9032,2
SVH9,10:00:32,15.5944,8
SVH9,10:00:32,14.6680,1
SVH9,10:00:32,16.2120,1
SVH9,10:00:32,15.4400,1
SVH9,10:00:32,14.9768,7
SVH9,10:00:40,16.0472,1
SVH9,10:00:48,16.2015,1
SVH9,10:00:53,15.4400,1
SVH9,10:00:53,15.2856,2
SVH9,10:00:53,14.9768,56
SVH9,10:00:53,15.2856,23
SVH9,10:01:01,15.7386,1
SVH9,10:01:04,15.2757,8
SVH9,10:01:04,14.9671,24
SVH9,10:01:21,15.8929,2
SVH9,10:01:36,16.2015,1
SVH9,10:01:41,16.0576,5
SVH9,10:01:41,15.1410,2
SVH9,10:01:41,15.6045,5
SVH9,10:01:41,14.6775,3
SVH9,10:01:42,15.9135,1
SVH9,10:02:39,14.9768,3
SVH9,10:02:39,15.7488,7
SVH9,10:02:39,15.1312,2
SVH9,10:02:39,15.5944,5
SVH9,10:02:39,15.4400,1
SVH9,10:02:39,14.9865,21
SVH9,10:02:39,14.8320,1
SVH9,10:03:27,16.0576,1
SVH9,10:03:38,16.0368,25
SVH9,10:03:38,15.8826,5
SVH9,10:03:50,15.8826,6
SVH9,10:04:00,16.2015,1
SVH9,10:05:27,15.2757,5
SVH9,10:05:28,14.8224,2
SVH9,10:05:31,15.4300,1
SVH9,10:05:41,15.7386,1
SVH9,10:05:44,16.2120,2
SVH9,10:05:44,15.2856,1
SVH9,10:06:07,15.8826,1
SVH9,10:06:23,16.2015,1
SVH9,10:07:55,15.4300,1
SVH9,10:08:11,14.9768,57
SVH9,10:08:11,14.6680,2
SVH9,10:08:11,15.9032,7
SVH9,10:08:11,14.9768,5
SVH9,10:08:11,15.9032,3
SVH9,10:08:11,15.5944,2
SVH9,10:08:11,15.2856,2
SVH9,10:08:11,15.7488,100
SVH9,10:09:23,15.1312,5
SVH9,10:09:47,15.4500,2
SVH9,10:09:57,14.6775,2
SVH9,10:10:19,16.0680,3
SVH9,10:10:19,15.6045,1
SVH9,10:10:19,14.6775,10
SVH9,10:10:19,15.1410,1
SVH9,10:10:19,15.2955,10
SVH9,10:10:19,15.6045,25
SVH9,10:10:57,14.8224,10
SVH9,10:11:11,14.9768,1
SVH9,10:11:21,15.6045,1
SVH9,10:11:55,14.8224,1
SVH9,10:12:17,14.6680,1
SVH9,10:12:21,14.6680,2
SVH9,10:12:23,15.4400,33
SVH9,10:12:23,14.9768,4
SVH9,10:12:23,15.2856,120
SVH9,10:12:23,14.6585,52
SVH9,10:12:23,15.2757,120
SVH9,10:12:23,15.1214,25
SVH9,10:12:23,15.5843,7
SVH9,10:12:23,15.4300,1
SVH9,10:12:23,15.5843,338
SVH9,10:12:31,14.9768,5
SVH9,10:12:41,15.6045,7
SVH9,10:12:41,15.9135,9
SVH9,10:12:41,14.9865,11
SVH9,10:12:41,15.7590,11
SVH9,10:12:41,15.7590,1
SVH9,10:12:41,15.4500,10
SVH9,10:12:41,16.2225,1
SVH9,10:12:41,15.1410,5
SVH9,10:12:41,14.6775,25
SVH9,10:12:50,14.8224,4
SVH9,10:12:50,14.6680,1
SVH9,10:12:59,15.4400,6
SVH9,10:14:09,16.0680,3
SVH9,10:16:49,15.4500,7
SVH9,10:16:49,15.6045,24
SVH9,10:18:03,16.2225,10
SVH9,10:18:03,16.0680,10
SVH9,10:18:52,15.7488,2
SVH9,10:18:52,15.7488,10
SVH9,10:18:52,15.7488,3
SVH9,10:19:35,14.9768,9
SVH9,10:20:01,14.9768,1
SVH9,10:21:33,14.8224,1
SVH9,10:21:35,15.2856,1
SVH9,10:21:35,15.4400,7
SVH9,10:21:36,16.2120,19
SVH9,10:24:18,15.5843,1
SVH9,10:24:18,15.8929,4
SVH9,10:24:49,15.1214,100
SVH9,10:28:04,15.9032,40
SVH9,10:28:59,16.0576,1
SVH9,10:29:49,15.7488,27
SVH9,10:29:52,15.7488,5
SVH9,10:30:40,14.8224,2
SVH9,10:30:40,15.7488,6
SVH9,10:33:36,14.6775,2
SVH9,10:34:03,14.6680,14
SVH9,10:34:03,14.9768,20
SVH9,10:36:08,15.2757,3
SVH9,10:36:39,14.8128,2
SVH9,10:38:41,15.1214,15
SVH9,10:40:12,14.9768,4
SVH9,10:45:03,15.4500,3
SVH9,10:45:03,14.9865,5
SVH9,10:45:03,14.8320,1
SVH9,10:45:03,16.2225,25
SVH9,10:45:03,15.1410,3
SVH9,10:45:03,15.6045,2
SVH9,10:48:05,15.6045,1
SVH9,10:48:24,14.6775,10
SVH9,10:50:08,14.8320,20
SVH9,10:53:05,15.4600,1
SVH9,10:53:05,15.9238,4
SVH9,10:53:05,14.8416,1
SVH9,10:53:06,14.6870,1
SVH9,10:53:06,15.9238,1
SVH9,10:53:06,15.9238,1
SVH9,10:53:06,15.9238,1
SVH9,10:53:17,15.1508,1
SVH9,10:53:26,15.1508,1
SVH9,10:54:13,14.8416,7
SVH9,10:54:13,15.7692,2
SVH9,10:54:13,16.0784,10
SVH9,10:54:13,14.6870,5
SVH9,10:54:13,15.3054,6
SVH9,10:54:16,14.6870,10
SVH9,10:54:16,14.8416,8
SVH9,10:54:24,15.6146,1
SVH9,10:54:26,15.9135,8
SVH9,10:56:04,14.9962,2
SVH9,10:58:46,15.6045,1
SVH9,10:59:04,15.1508,6
SVH9,10:59:04,14.9962,8
SVH9,10:59:04,14.9962,6
SVH9,10:59:32,14.8416,4
SVH9,10:59:32,16.2330,16
SVH9,11:00:03,15.1410,1
SVH9,11:00:03,15.4600,10
SVH9,11:00:52,15.4500,18
SVH9,11:00:52,14.8320,1
SVH9,11:00:52,15.1410,6
SVH9,11:03:48,15.2955,8
SVH9,11:04:28,16.2330,64
SVH9,11:04:28,15.1508,1
SVH9,11:04:28,14.9962,42
SVH9,11:04:28,16.2330,1
SVH9,11:04:28,14.8416,42
SVH9,11:05:25,14.6870,1
SVH9,11:08:50,15.6045,4
SVH9,11:08:50,14.9865,49
SVH9,11:08:50,15.9135,7
SVH9,11:08:50,15.9135,2
SVH9,11:08:50,14.6680,4
SVH9,11:08:50,15.4400,52
SVH9,11:08:50,15.9032,32
SVH9,11:09:15,15.7488,13
SVH9,11:09:15,16.0576,1
SVH9,11:09:16,16.0576,1
SVH9,11:09:42,14.9962,1
SVH9,11:10:17,14.6870,1
SVH9,11:12:53,15.9135,1
SVH9,11:13:15,15.9032,1
SVH9,11:13:31,15.1410,1
SVH9,11:14:11,15.1410,3
SVH9,11:14:14,14.8320,10
SVH9,11:14:14,15.1410,10
SVH9,11:14:25,14.8320,3
SVH9,11:15:58,14.8416,1
SVH9,11:16:34,16.0784,2
SVH9,11:18:07,14.9865,1
SVH9,11:18:07,16.0680,1
SVH9,11:18:38,15.7590,11
SVH9,11:18:41,15.3054,4
SVH9,11:18:59,16.0680,1
SVH9,11:19:17,14.6775,11
SVH9,11:21:02,14.8320,1
SVH9,11:21:02,15.6045,32
SVH9,11:21:13,16.2225,1
SVH9,11:21:16,15.7590,1
SVH9,11:21:18,16.2330,2
SVH9,11:21:18,15.4500,1
SVH9,11:21:21,15.4500,1
SVH9,11:24:46,14.8320,3
SVH9,11:25:02,15.9135,1
SVH9,11:26:01,15.3054,15
SVH9,11:26:48,14.8416,38
SVH9,11:26:48,15.7692,1
SVH9,11:26:48,16.0784,11
SVH9,11:26:48,16.0784,33
SVH9,11:26:48,14.8416,53
SVH9,11:26:48,15.7692,4
SVH9,11:26:48,15.6146,1
SVH9,11:26:48,15.3054,9
SVH9,11:30:05,15.9238,3
SVH9,11:31:19,15.6045,26
SVH9,11:31:34,15.6146,1
SVH9,11:36:23,15.1508,1
SVH9,11:36:30,15.4600,1
SVH9,11:36:30,15.6146,33
SVH9,11:36:30,16.0784,1
SVH9,11:41:16,15.1508,42
SVH9,11:42:16,14.9865,1
SVH9,11:42:17,15.7692,1
SVH9,11:43:05,15.4500,15
SVH9,11:47:05,16.2225,1
SVH9,11:50:09,16.2225,39
SVH9,11:50:09,15.7590,25
SVH9,11:51:15,16.0576,1
SVH9,11:51:15,14.9768,1
SVH9,11:57:08,15.4400,3
SVH9,11:59:39,15.7590,1
SVH9,12:01:13,14.6585,1
SVH9,12:01:14,15.7386,2
SVH9,12:01:14,16.0472,4
SVH9,12:02:28,16.2225,1
SVH9,12:02:28,16.0680,1
SVH9,12:02:28,14.9865,9
SVH9,12:02:28,15.7590,13
SVH9,12:02:28,14.8320,8
SVH9,12:02:28,15.4500,15
SVH9,12:02:28,14.9865,5
SVH9,12:03:22,15.6045,24
SVH9,12:04:28,15.7590,8
SVH9,12:08:18,14.9768,4
SVH9,12:20:44,14.8224,1
SVH9,12:22:13,14.6680,1
SVH9,12:22:32,15.7386,23
SVH9,12:22:32,14.9671,1
SVH9,12:24:34,15.8929,1
SVH9,12:24:34,15.1214,1
SVH9,12:24:34,15.7386,1
SVH9,12:24:34,15.5843,1
SVH9,12:24:34,15.2757,1
SVH9,12:25:00,16.0472,5
SVH9,12:26:37,15.2658,7
SVH9,12:26:37,15.5742,17
SVH9,12:26:38,16.1910,1
SVH9,12:29:03,15.2757,10
SVH9,12:32:18,15.1116,30
SVH9,12:32:39,16.0368,2
SVH9,12:32:39,15.2658,8
SVH9,12:32:39,15.4200,2
SVH9,12:32:39,15.4200,1
SVH9,12:33:22,15.1116,1
SVH9,12:37:00,15.1018,1
SVH9,12:37:00,15.8723,6
SVH9,12:39:19,16.0264,5
SVH9,12:39:19,16.1805,10
SVH9,12:39:19,14.6395,1
SVH9,12:39:19,14.6395,1
SVH9,12:39:19,15.7182,5
SVH9,12:39:19,15.5641,75
SVH9,12:39:19,15.2559,8
SVH9,12:39:19,16.1805,1
SVH9,12:43:47,15.0920,40
SVH9,12:43:47,16.1805,50
SVH9,12:43:48,14.6395,1
SVH9,12:44:06,15.7182,1
SVH9,12:46:27,15.2658,2
SVH9,12:46:44,15.5742,6
SVH9,12:46:51,15.7284,2
SVH9,12:47:36,15.2757,30
SVH9,12:48:44,15.4200,3
SVH9,12:49:06,15.7182,15
SVH9,12:53:49,15.5641,2
SVH9,12:55:50,15.4200,3
SVH9,13:01:02,16.1910,50
SVH9,13:05:13,15.8929,2
SVH9,13:08:17,15.4300,21
SVH9,13:08:17,15.8929,77
SVH9,13:08:17,16.2015,2
SVH9,13:09:19,14.8128,1
SVH9,13:09:19,14.9671,59
SVH9,13:10:00,14.6585,2
SVH9,13:10:45,16.2015,1
SVH9,13:11:01,16.2015,1
SVH9,13:12:31,15.4300,4
SVH9,13:17:54,15.1214,8
SVH9,13:22:39,15.8929,384
SVH9,13:22:39,16.0472,106
SVH9,13:23:00,15.4300,4
SVH9,13:23:00,14.6585,4
SVH9,13:23:00,15.2757,2
SVH9,13:23:01,16.2015,1
SVH9,13:23:01,15.1214,1
SVH9,13:26:15,15.2757,3
SVH9,13:26:24,14.6585,1
SVH9,13:26:27,15.1214,50
SVH9,13:26:27,15.8929,106
SVH9,13:26:28,15.8929,338
SVH9,13:26:28,15.8929,5
SVH9,13:26:28,15.5742,1
SVH9,13:27:00,14.8128,6
SVH9,13:27:15,15.1116,3
SVH9,13:29:55,15.4300,1
SVH9,13:30:21,15.4200,1
SVH9,13:30:21,15.7284,1
SVH9,13:30:21,15.2658,1
SVH9,13:30:21,16.0368,1
SVH9,13:30:22,14.6490,1
SVH9,13:30:24,15.5742,1
SVH9,13:39:29,15.4300,1
SVH9,13:39:52,15.4300,1
SVH9,13:40:43,14.8032,1
SVH9,13:48:05,15.8929,29
SVH9,13:48:05,15.7386,30
SVH9,13:48:05,15.7386,23
SVH9,13:48:05,16.2015,1
SVH9,13:48:05,16.2015,1
SVH9,13:50:11,15.5843,25
SVH9,13:50:11,16.0472,3
SVH9,13:50:27,15.9032,6
SVH9,13:51:39,15.9032,69
SVH9,13:51:39,15.1312,10
SVH9,13:51:39,14.6680,1
SVH9,13:51:39,15.4400,8
SVH9,13:51:39,14.9768,1
SVH9,13:51:39,15.2856,1
SVH9,13:51:39,14.9768,5
SVH9,13:52:11,15.7488,25
SVH9,13:53:13,14.6680,3
SVH9,13:54:03,15.7488,7
SVH9,13:57:35,15.7488,82
SVH9,13:57:35,16.2120,5
SVH9,13:59:27,15.7488,1
SVH9,13:59:46,15.7488,23
SVH9,13:59:46,14.8224,5
SVH9,14:05:39,14.6680,1
SVH9,14:06:59,15.1312,1
SVH9,14:08:12,15.1312,4
SVH9,14:09:27,15.5944,5
SVH9,14:17:05,15.5843,1
SVH9,14:17:05,14.8128,2
SVH9,14:17:05,14.8032,1
SVH9,14:17:05,15.2658,1
SVH9,14:19:55,16.0472,2
SVH9,14:23:49,16.0472,25
SVH9,14:24:09,14.9671,29
SVH9,14:24:11,16.0472,16
SVH9,14:24:11,16.0472,1
SVH9,14:24:42,14.6680,2
SVH9,14:27:22,14.6775,3
SVH9,14:27:22,14.9865,1
SVH9,14:27:22,15.2955,1
SVH9,14:27:22,14.9865,3
SVH9,14:27:23,15.1410,1
SVH9,14:36:33,15.1312,20
SVH9,14:40:27,14.9671,1
SVH9,14:44:58,15.1312,1
SVH9,14:44:58,15.1312,28
SVH9,14:47:29,15.1410,1
SVH9,14:51:38,14.8320,6
SVH9,14:53:03,15.7488,13
SVH9,14:53:50,15.2757,1
SVH9,15:00:09,14.8224,29
SVH9,15:02:32,14.8320,6
SVH9,15:04:28,16.0576,2
SVH9,15:06:02,15.7488,10
SVH9,15:15:36,15.9032,1
SVH9,15:17:03,15.7488,71
SVH9,15:17:03,16.0576,4
SVH9,15:19:41,16.2120,17
SVH9,15:21:50,16.2015,7
SVH9,15:30:36,15.2757,29
SVH9,15:31:46,15.1214,30
SVH9,15:35:19,14.9671,1
SVH9,15:46:16,15.7386,21
SVH9,15:46:16,15.4300,1
SVH9,15:46:16,16.0472,40
SVH9,15:46:16,15.4300,15
SVH9,15:46:16,15.2757,1
SVH9,15:51:24,16.2015,25
SVH9,15:51:26,15.1214,1
SVH9,16:06:27,14.6490,1
SVH9,16:06:27,15.2658,10
SVH9,16:09:42,15.1116,15
SVH9,16:11:16,14.6395,1
SVH9,16:14:19,16.2015,8
SVH9,16:14:19,15.2757,2
SVH9,16:15:09,15.1214,2
SVH9,16:16:39,14.8320,1
SVH9,16:18:27,15.4400,12
SVH9,16:20:39,14.6775,1
SVH9,16:20:54,16.0680,4
SVH9,16:20:54,16.0680,1
SVH9,16:20:54,14.9865,1
SVH9,16:20:54,14.8320,1
SVH9,16:20:54,14.8320,20
SVH9,16:24:00,15.1508,1
SVH9,16:24:00,15.7692,1
SVH9,16:24:00,15.6146,10
SVH9,16:24:00,15.7692,22
SVH9,16:24:00,15.6146,10
SVH9,16:24:00,14.6870,2
SVH9,16:24:00,15.3054,8
SVH9,16:24:00,15.4600,10
SVH9,16:24:00,15.7692,2
SVH9,16:24:01,15.3054,3
SVH9,16:24:42,15.0059,5
SVH9,16:24:42,16.2435,7
SVH9,16:24:42,15.6247,5
SVH9,16:24:42,15.6247,1
SVH9,16:24:42,15.7794,1
SVH9,16:24:42,15.9341,1
SVH9,16:24:42,15.9341,1
SVH9,16:24:42,15.9341,1
SVH9,16:24:53,15.6247,2
SVH9,16:25:22,15.7692,1
SVH9,16:26:48,16.0680,13
SVH9,16:30:26,15.7692,25
SVH9,16:30:26,14.9962,11
SVH9,16:30:26,15.6146,22
SVH9,16:30:29,15.1606,5
SVH9,16:30:29,14.8512,10
SVH9,16:30:29,16.2435,1
SVH9,16:30:29,15.1606,1
SVH9,16:30:29,15.9341,10
SVH9,16:30:29,15.7794,3
SVH9,16:30:29,15.4700,1
SVH9,16:30:29,15.1606,1
SVH9,16:30:29,15.7794,2
SVH9,16:30:29,15.1606,5
SVH9,16:30:29,15.1606,11
SVH9,16:30:29,15.0059,8
SVH9,16:30:29,15.3252,1
SVH9,16:30:29,15.6348,1
SVH9,16:30:29,15.1704,10
SVH9,16:30:29,14.7060,1
SVH9,16:30:29,15.0156,8
SVH9,16:30:29,15.4800,10
SVH9,16:30:29,16.0992,30
SVH9,16:30:29,15.7896,7
SVH9,16:30:29,15.4800,5
SVH9,16:30:29,16.2540,10
SVH9,16:30:29,14.7060,7
SVH9,16:30:29,15.7896,1
SVH9,16:30:29,15.4900,5
SVH9,16:30:29,15.0253,3
SVH9,16:30:29,15.6449,1
SVH9,16:30:29,15.4900,20
SVH9,16:30:29,15.0253,5
SVH9,16:30:29,15.1802,2
SVH9,16:30:29,15.7998,5
SVH9,16:30:29,15.0253,1
SVH9,16:30:29,15.6449,7
SVH9,16:30:29,15.7998,10
SVH9,16:30:29,14.8704,2
SVH9,16:30:29,16.1096,2
SVH9,16:30:29,15.7998,43
SVH9,16:30:29,15.1704,35
SVH9,16:30:29,15.6348,7
SVH9,16:30:29,15.6348,7
SVH9,16:30:29,14.7060,5
SVH9,16:30:29,15.1704,5
SVH9,16:30:29,15.1802,59
SVH9,16:30:29,16.0888,1
SVH9,16:30:29,14.8608,3
SVH9,16:30:29,14.8608,2
SVH9,16:30:29,15.7794,64
SVH9,16:30:29,15.4700,7
SVH9,16:30:29,15.1606,53
SVH9,16:30:29,14.8512,12
SVH9,16:30:29,16.2435,1
SVH9,16:30:29,15.6348,10
SVH9,16:30:29,15.4800,38
SVH9,16:30:29,15.9444,59
SVH9,16:30:29,15.7896,120
SVH9,16:30:29,14.7060,2
SVH9,16:30:29,15.6247,2
SVH9,16:30:29,15.7794,2
SVH9,16:30:29,14.8512,3
SVH9,16:30:29,15.6247,2
SVH9,16:30:29,15.6247,2
SVH9,16:30:29,14.8512,2
SVH9,16:30:29,15.1606,2
SVH9,16:30:29,15.4700,1
SVH9,16:30:29,16.0888,4
SVH9,16:30:29,16.2435,2
SVH9,16:30:30,14.6965,4
SVH9,16:30:30,14.8608,3
SVH9,16:30:34,15.1606,53
SVH9,16:30:49,15.4700,53
SVH9,16:31:11,15.7896,1
SVH9,16:32:00,15.9444,1
SVH9,16:32:36,14.8608,20
SVH9,16:33:08,15.0253,1
SVH9,16:33:08,15.0253,8
SVH9,16:33:08,15.9547,1
SVH9,16:33:42,15.3351,10
SVH9,16:34:29,14.7250,5
SVH9,16:34:29,14.7250,2
SVH9,16:34:29,16.2750,1
SVH9,16:34:29,15.0350,1
SVH9,16:34:29,14.7250,10
SVH9,16:34:29,15.5000,10
SVH9,16:34:29,15.8100,10
SVH9,16:34:29,15.9650,3
SVH9,16:34:29,14.7250,10
SVH9,16:34:29,16.2750,5
SVH9,16:34:29,16.2750,1
SVH9,16:34:29,15.5000,2
SVH9,16:34:29,15.1900,5
SVH9,16:34:29,15.8100,8
SVH9,16:34:29,16.1200,3
SVH9,16:34:29,15.0350,1
SVH9,16:34:29,14.8800,10
SVH9,16:34:29,16.2750,10
SVH9,16:34:29,15.3450,22
SVH9,16:34:29,14.8896,1
SVH9,16:34:29,15.9753,10
SVH9,16:34:29,16.2855,5
SVH9,16:34:29,15.0447,5
SVH9,16:34:29,15.3549,2
SVH9,16:34:29,15.5100,10
SVH9,16:34:29,15.3549,53
SVH9,16:34:29,16.1304,1
SVH9,16:34:29,15.0447,1
SVH9,16:34:29,15.3549,2
SVH9,16:34:29,14.7345,7
SVH9,16:34:29,15.8202,25
SVH9,16:34:29,15.5100,29
SVH9,16:34:29,15.5100,30
SVH9,16:34:29,15.3351,1
SVH9,16:34:29,15.6651,9
SVH9,16:34:29,14.7345,53
SVH9,16:34:29,15.5100,36
SVH9,16:34:29,14.8896,50
SVH9,16:34:29,16.1304,25
SVH9,16:34:29,15.1998,25
SVH9,16:34:29,14.7345,8
SVH9,16:34:30,15.8202,3
SVH9,16:34:30,15.2096,4
SVH9,16:34:30,15.5200,20
SVH9,16:34:30,15.0544,2
SVH9,16:34:30,15.9856,8
SVH9,16:34:30,14.7440,5
SVH9,16:34:30,15.5200,4
SVH9,16:34:30,15.6752,1
SVH9,16:34:30,15.6752,25
SVH9,16:34:30,15.9856,7
SVH9,16:34:30,14.7440,1
SVH9,16:34:30,16.2960,1
SVH9,16:34:30,15.8304,60
SVH9,16:34:30,15.3648,131
SVH9,16:34:30,15.8304,7
SVH9,16:34:30,16.2960,7
SVH9,16:34:30,16.2960,1
SVH9,16:34:30,15.6752,25
SVH9,16:34:30,15.8304,20
SVH9,16:34:30,15.0544,1
SVH9,16:34:30,14.9088,2
SVH9,16:34:30,15.5300,8
SVH9,16:34:30,16.3065,1
SVH9,16:34:30,15.9959,1
SVH9,16:34:30,15.5300,2
SVH9,16:34:30,14.7535,2
SVH9,16:34:31,16.2960,5
SVH9,16:34:31,16.2960,1
SVH9,16:34:40,15.0544,1
SVH9,16:34:40,15.2194,1
SVH9,16:34:40,15.8406,3
SVH9,16:34:40,16.3065,2
SVH9,16:34:40,15.3747,17
SVH9,16:34:51,15.6752,1
SVH9,16:34:53,15.2096,1
SVH9,16:34:54,15.0641,33
SVH9,16:34:54,15.9959,25
SVH9,16:34:54,15.8406,207
SVH9,16:34:55,14.8992,1
SVH9,16:34:58,15.2194,8
SVH9,16:35:01,15.0641,25
SVH9,16:35:01,15.0641,81
SVH9,16:35:18,15.8406,106
SVH9,16:35:20,15.3747,60
SVH9,16:35:40,15.6752,25
SVH9,16:35:47,14.9088,5
SVH9,16:35:55,15.0641,2
SVH9,16:36:02,15.2194,5
SVH9,16:36:02,15.3747,9
SVH9,16:36:04,16.3065,1
SVH9,16:36:05,15.8406,25
SVH9,16:36:25,16.2960,206
SVH9,16:36:25,15.0544,59
SVH9,16:36:29,15.6752,1
SVH9,16:36:49,14.7440,1
SVH9,16:36:49,14.8992,1
SVH9,16:37:17,15.0544,10
SVH9,16:37:38,15.6752,5
SVH9,16:38:07,15.6853,106
SVH9,16:38:07,14.9088,59
SVH9,16:38:07,15.5300,10
SVH9,16:38:07,15.6853,1
SVH9,16:38:21,14.9088,1
SVH9,16:38:21,15.6853,3
SVH9,16:38:26,15.8406,1
SVH9,16:38:36,15.9856,1
SVH9,16:38:49,16.3065,1
SVH9,16:38:56,15.8304,1
SVH9,16:38:58,15.2194,1
SVH9,16:39:33,15.8406,21
SVH9,16:40:37,15.3747,1
SVH9,16:40:43,15.8508,1
SVH9,16:40:43,14.9184,12
SVH9,16:40:43,15.6954,5
SVH9,16:40:43,16.3170,1
SVH9,16:40:43,16.1616,1
SVH9,16:40:43,14.7630,20
SVH9,16:40:43,16.0062,3
SVH9,16:40:43,16.3170,8
SVH9,16:40:43,15.2292,1
SVH9,16:40:43,16.1616,7
SVH9,16:40:43,15.3846,5
SVH9,16:40:43,16.1616,1
SVH9,16:40:46,16.1616,1
SVH9,16:41:01,15.2292,9
SVH9,16:41:01,15.0738,8
SVH9,16:41:03,16.0165,1
SVH9,16:41:04,16.0165,1
SVH9,16:41:04,16.1720,2
SVH9,16:41:09,16.0062,1
SVH9,16:41:09,15.6954,1
SVH9,16:41:12,15.6954,1
SVH9,16:41:24,15.8610,1
SVH9,16:41:34,15.2390,2
SVH9,16:41:34,15.3945,1
SVH9,16:41:34,14.9280,10
SVH9,16:41:46,15.7055,15
SVH9,16:41:46,16.0165,1
SVH9,16:41:46,15.8610,3
SVH9,16:41:46,15.8610,49
SVH9,16:41:57,15.3846,7
SVH9,16:42:04,14.7630,10
SVH9,16:42:09,16.3170,8
SVH9,16:42:10,16.1512,7
SVH9,16:42:10,15.8406,10
SVH9,16:42:10,16.3065,3
SVH9,16:42:10,16.3065,27
SVH9,16:42:10,14.9088,12
SVH9,16:42:10,14.9088,9
SVH9,16:42:14,16.3170,50
SVH9,16:42:37,14.9088,15
SVH9,16:42:42,16.3065,1
SVH9,16:43:00,16.0062,20
SVH9,16:43:09,15.0738,25
SVH9,16:43:22,15.3846,1
SVH9,16:43:22,14.9088,52
SVH9,16:43:22,16.3065,47
SVH9,16:43:54,14.9184,50
SVH9,16:44:08,15.3846,42
SVH9,16:44:09,14.9184,128
SVH9,16:44:10,15.5400,106
SVH9,16:44:10,15.8508,16
SVH9,16:45:17,16.3275,1
SVH9,16:45:17,15.7055,5
SVH9,16:45:17,16.3275,4
SVH9,16:45:18,15.0835,3
SVH9,16:45:33,16.1720,25
SVH9,16:45:33,15.7055,218
SVH9,16:45:33,16.3275,10
SVH9,16:45:33,15.8610,2
SVH9,16:45:33,15.3945,8
SVH9,16:45:33,15.3945,2
SVH9,16:45:33,15.7055,200
SVH9,16:45:33,15.2390,5
SVH9,16:45:33,14.9280,100
SVH9,16:45:33,15.0835,1
SVH9,16:45:33,15.8610,3
SVH9,16:45:40,15.0932,1
SVH9,16:45:40,14.9376,1
SVH9,16:45:40,14.7820,1
SVH9,16:45:40,14.7820,1
SVH9,16:45:49,14.7725,1
SVH9,16:45:51,16.3275,1
SVH9,16:46:41,16.1720,7
SVH9,16:46:41,15.2390,1
SVH9,16:47:05,15.5500,7
SVH9,16:47:29,16.1720,25
SVH9,16:47:29,14.9280,1
SVH9,16:47:29,15.5600,1
SVH9,16:47:29,16.3380,1
SVH9,16:47:29,15.2488,36
SVH9,16:47:42,16.3170,2
SVH9,16:48:18,15.5400,2
SVH9,16:48:21,15.6954,1
SVH9,16:49:15,15.3846,50
SVH9,16:49:25,14.9280,2
SVH9,16:49:37,16.3170,50
SVH9,16:49:55,15.3846,53
SVH9,16:49:55,14.7630,1
SVH9,16:49:55,14.7630,3
SVH9,16:50:08,15.6954,1
SVH9,16:51:55,16.1616,6
SVH9,16:51:55,15.8406,44
SVH9,16:51:56,16.1512,20
SVH9,16:51:56,15.2194,30
SVH9,16:52:13,14.7725,22
SVH9,16:53:23,15.0738,1
SVH9,16:55:13,15.0641,1
SVH9,16:55:23,15.2292,10
SVH9,16:55:44,15.0738,1
SVH9,16:55:59,15.5500,8
SVH9,16:56:39,16.1720,7
SVH9,16:57:08,14.7725,6
SVH9,16:57:18,14.7725,42
SVH9,16:57:21,15.5500,2
SVH9,16:57:23,15.5500,11
SVH9,16:57:23,14.7725,1
SVH9,16:57:23,14.7725,2
SVH9,16:57:23,15.3945,2
SVH9,16:57:23,14.9280,5
SVH9,16:57:23,14.9280,2
SVH9,16:57:23,14.7725,2
SVH9,16:57:23,16.3275,2
SVH9,16:57:23,15.3945,2
SVH9,16:57:23,15.2390,6
SVH9,16:59:01,15.2390,53
SVH9,16:59:01,15.0835,8
SVH9,16:59:01,15.2390,25
SVH9,16:59:01,14.9280,120
SVH9,16:59:01,16.3275,43
SVH9,16:59:01,16.3275,1
SVH9,16:59:24,14.9280,2
SVH9,16:59:24,15.5400,28
SVH9,16:59:51,14.9184,1
SVH9,17:00:05,15.7156,10
SVH9,17:00:05,14.7820,7
SVH9,17:00:05,14.9376,5
SVH9,17:00:05,15.4044,2
SVH9,17:00:05,15.5600,3
SVH9,17:00:05,16.1824,1
SVH9,17:00:05,15.4044,1
SVH9,17:00:05,16.3380,1
SVH9,17:00:05,16.1824,13
SVH9,17:00:05,14.9472,1
SVH9,17:00:05,15.1029,2
SVH9,17:00:06,14.7915,1
SVH9,17:00:52,14.9472,7
SVH9,17:00:52,16.0371,10
SVH9,17:00:52,16.0371,43
SVH9,17:01:19,16.0268,1
SVH9,17:01:20,15.7156,1
SVH9,17:01:52,16.3485,2
SVH9,17:02:07,16.3380,51
SVH9,17:02:07,14.7820,9
SVH9,17:02:07,14.7915,1
SVH9,17:03:07,16.1928,1
SVH9,17:03:23,14.9472,4
SVH9,17:03:23,15.7257,6
SVH9,17:03:37,16.0371,10
SVH9,17:03:38,16.0371,2
SVH9,17:03:38,16.0371,3
SVH9,17:03:38,14.7915,1
SVH9,17:03:38,15.7257,10
SVH9,17:03:38,15.7257,3
SVH9,17:03:38,15.4143,1
SVH9,17:03:38,15.1029,3
SVH9,17:03:45,16.2032,4
SVH9,17:03:45,15.5800,20
SVH9,17:03:45,15.2684,1
SVH9,17:03:48,15.1126,23
SVH9,17:03:48,15.1126,50
SVH9,17:03:48,16.3590,50
SVH9,17:03:48,14.8010,3
SVH9,17:03:48,14.9568,2
SVH9,17:03:48,15.5800,3
SVH9,17:03:58,16.3590,10
SVH9,17:03:58,16.3590,7
SVH9,17:03:58,14.9664,18
SVH9,17:04:09,15.1126,53
SVH9,17:04:09,15.2782,132
SVH9,17:04:09,15.9018,1
SVH9,17:04:09,15.4341,1
SVH9,17:04:09,15.1223,1
SVH9,17:04:09,15.2782,53
SVH9,17:04:09,15.7459,2
SVH9,17:04:09,16.2136,1
SVH9,17:04:37,16.3695,24
SVH9,17:04:37,16.3695,2
SVH9,17:04:37,14.8105,4
SVH9,17:04:37,15.7459,3
SVH9,17:04:44,14.8010,1
SVH9,17:04:57,14.9568,8
SVH9,17:04:57,15.1126,2
SVH9,17:05:02,16.2032,1
SVH9,17:05:03,16.2032,1
SVH9,17:05:51,15.7459,2
SVH9,17:06:03,16.0577,2
SVH9,17:06:10,14.9664,1
SVH9,17:06:12,15.7459,42
SVH9,17:06:12,16.3695,26
SVH9,17:06:12,14.9664,24
SVH9,17:06:12,15.2782,1
SVH9,17:06:12,14.8105,50
SVH9,17:06:12,15.4341,5
SVH9,17:06:12,15.9018,1
SVH9,17:06:14,15.8916,1
SVH9,17:06:18,16.0474,8
SVH9,17:06:20,15.2684,4
SVH9,17:06:26,14.9568,5
SVH9,17:06:31,15.5900,5
SVH9,17:06:37,15.4440,2
SVH9,17:06:37,14.9760,5
SVH9,17:06:37,16.2240,1
SVH9,17:06:37,16.2240,1
SVH9,17:06:37,15.7560,1
SVH9,17:06:37,15.6000,1
SVH9,17:06:37,15.1320,50
SVH9,17:06:37,14.8200,5
SVH9,17:06:37,15.6000,53
SVH9,17:06:37,16.2240,1
SVH9,17:06:37,14.8200,50
SVH9,17:06:37,14.8200,50
SVH9,17:06:37,16.0680,5
SVH9,17:06:37,16.2240,5
SVH9,17:06:37,14.8200,2
SVH9,17:06:37,14.9760,1
SVH9,17:06:38,15.5900,2
SVH9,17:06:38,16.2136,4
SVH9,17:06:38,16.3695,3
SVH9,17:06:38,15.4341,9
SVH9,17:06:38,15.5900,4
SVH9,17:06:38,15.4341,2
SVH9,17:06:38,14.8295,5
SVH9,17:06:46,14.9760,5
SVH9,17:06:47,15.2880,3
SVH9,17:06:52,16.0680,5
SVH9,17:06:53,16.2240,1
SVH9,17:06:54,16.0783,2
SVH9,17:06:58,15.2880,5
SVH9,17:07:02,15.7560,5
SVH9,17:07:02,16.2344,6
SVH9,17:07:02,15.4539,2
SVH9,17:07:02,15.7661,48
SVH9,17:07:02,16.0783,4
SVH9,17:07:02,14.8295,1
SVH9,17:07:02,16.3905,1
SVH9,17:07:02,14.9856,7
SVH9,17:07:02,16.4010,7
SVH9,17:07:02,15.4638,1
SVH9,17:07:02,15.7762,1
SVH9,17:07:02,16.4010,5
SVH9,17:07:02,16.0886,4
SVH9,17:07:02,15.6200,8
SVH9,17:07:02,15.7762,40
SVH9,17:07:02,16.0886,7
SVH9,17:07:02,15.1514,1
SVH9,17:07:02,15.6200,6
SVH9,17:07:09,15.9222,5
SVH9,17:07:14,15.4539,1
SVH9,17:07:14,15.7661,4
SVH9,17:07:27,15.6200,13
SVH9,17:07:27,16.2448,40
SVH9,17:07:27,16.0886,10
SVH9,17:07:30,15.4638,1
SVH9,17:07:35,15.1417,2
SVH9,17:07:36,15.2978,42
SVH9,17:07:40,15.7661,5
SVH9,17:07:54,16.0783,20
SVH9,17:07:54,16.3905,16
SVH9,17:07:58,16.0783,6
SVH9,17:07:59,16.3800,1
SVH9,17:07:59,16.0577,21
SVH9,17:08:07,15.9222,3
SVH9,17:08:15,15.4341,8
SVH9,17:08:50,15.6000,10
SVH9,17:09:03,16.3800,43
SVH9,17:09:07,15.4440,1
SVH9,17:09:18,15.6100,1
SVH9,17:09:18,15.1417,1
SVH9,17:09:22,14.8390,2
SVH9,17:09:34,15.6200,1
SVH9,17:09:47,15.9324,1
SVH9,17:09:47,15.6200,1
SVH9,17:10:01,14.8485,1
SVH9,17:10:01,15.9426,9
SVH9,17:10:01,15.7863,2
SVH9,17:10:01,15.3174,1
SVH9,17:10:01,15.9528,1
SVH9,17:10:01,16.4220,5
SVH9,17:10:01,15.3272,1
SVH9,17:10:04,15.1611,350
SVH9,17:10:13,15.6300,50
SVH9,17:10:21,15.1611,20
SVH9,17:10:53,16.2552,26
SVH9,17:10:53,15.4737,18
SVH9,17:10:53,15.7863,6
SVH9,17:10:53,14.8485,7
SVH9,17:10:59,15.1514,45
SVH9,17:10:59,16.0886,5
SVH9,17:11:10,14.9952,50
SVH9,17:11:17,15.7863,2
SVH9,17:11:20,15.6300,4
SVH9,17:12:14,16.0886,1
SVH9,17:12:17,14.8295,1
SVH9,17:12:37,16.4010,53
SVH9,17:12:37,16.4010,86
SVH9,17:12:37,14.9952,25
SVH9,17:12:37,15.3076,86
SVH9,17:12:46,16.2344,50
SVH9,17:13:07,15.4638,5
SVH9,17:13:43,15.9324,10
SVH9,17:13:56,16.2552,2
SVH9,17:13:56,15.3174,13
SVH9,17:13:56,15.3174,5
SVH9,17:14:10,16.4010,1
SVH9,17:14:13,15.1514,1
SVH9,17:14:15,14.8390,1
SVH9,17:14:18,16.0886,1
SVH9,17:14:24,15.4737,13
SVH9,17:14:42,14.9952,52
SVH9,17:14:43,16.0886,10
SVH9,17:14:45,15.3174,40
SVH9,17:14:45,16.1092,30
SVH9,17:14:53,15.9324,10
SVH9,17:15:00,15.4737,3
SVH9,17:15:02,15.7762,9
SVH9,17:15:02,15.9324,1
SVH9,17:15:37,15.9324,2
SVH9,17:15:37,15.4638,8
SVH9,17:15:58,15.7863,53
SVH9,17:16:04,16.4115,53
SVH9,17:16:28,15.6200,1
SVH9,17:16:50,15.9324,1
SVH9,17:17:01,15.9324,5
SVH9,17:17:12,15.9528,23
SVH9,17:17:12,16.4220,2
SVH9,17:19:53,16.0989,1
SVH9,17:19:53,15.7863,2
SVH9,17:20:07,16.0989,1
SVH9,17:20:07,15.3174,10
SVH9,17:20:08,15.6300,1
SVH9,17:20:16,15.7863,13
SVH9,17:20:44,15.0048,22
SVH9,17:21:26,15.7863,13
SVH9,17:21:54,15.4836,3
SVH9,17:22:02,14.8580,3
SVH9,17:22:02,15.3272,1
SVH9,17:22:02,15.6400,10
SVH9,17:22:02,15.0144,37
SVH9,17:22:02,15.3272,1
SVH9,17:22:06,15.6300,1
SVH9,17:23:18,16.0989,7
SVH9,17:23:53,14.8390,2
SVH9,17:24:11,15.1611,3
SVH9,17:24:11,15.6300,3
SVH9,17:24:15,15.3174,53
SVH9,17:24:33,15.1514,10
SVH9,17:25:31,15.9324,5
SVH9,17:25:31,16.4010,6
SVH9,17:25:50,15.6200,234
SVH9,17:25:50,16.2448,325
SVH9,17:26:00,15.7762,10
SVH9,17:26:07,15.1514,7
SVH9,17:26:14,16.2448,1
SVH9,17:26:24,15.3076,5
SVH9,17:26:39,16.2448,177
SVH9,17:26:41,15.1611,1
SVH9,17:26:43,15.3076,10
SVH9,17:26:59,16.4010,33
SVH9,17:27:06,16.2448,5
SVH9,17:27:12,15.3076,1
SVH9,17:27:21,16.2448,30
SVH9,17:27:27,16.2448,10
SVH9,17:27:28,15.4638,2
SVH9,17:27:34,15.6200,22
SVH9,17:27:41,15.3076,4
SVH9,17:27:43,14.9952,4
SVH9,17:27:43,16.0886,3
SVH9,17:27:46,16.4010,10
SVH9,17:27:47,15.4737,10
SVH9,17:27:53,14.9952,10
SVH9,17:27:57,16.2448,25
SVH9,17:27:57,15.6200,1
SVH9,17:28:21,16.0886,5
SVH9,17:28:21,16.0886,5
SVH9,17:28:30,16.4010,1
SVH9,17:28:30,16.0886,10
SVH9,17:28:40,16.2344,2
SVH9,17:28:50,16.3905,3
SVH9,17:28:57,14.8295,5
SVH9,17:29:10,15.2880,10
SVH9,17:29:10,14.9760,75
SVH9,17:29:10,15.4440,7
SVH9,17:29:10,16.3800,1
SVH9,17:29:10,15.9120,1
SVH9,17:29:10,15.4440,1
SVH9,17:29:10,15.6000,25
SVH9,17:29:10,14.9760,53
SVH9,17:29:10,15.9120,6
SVH9,17:29:10,15.7560,42
SVH9,17:29:10,14.9760,289
SVH9,17:29:10,16.3800,53
SVH9,17:29:10,15.9222,114
SVH9,17:29:10,15.2978,10
SVH9,17:29:11,14.8200,2
SVH9,17:29:11,16.0680,1
SVH9,17:29:13,15.7560,78
SVH9,17:29:13,16.0680,53
SVH9,17:29:13,15.2880,25
SVH9,17:29:13,14.8200,120
SVH9,17:29:13,16.0680,24
SVH9,17:29:13,14.9856,53
SVH9,17:29:13,15.4539,120
SVH9,17:29:25,15.1320,2
SVH9,17:29:36,15.7560,2
SVH9,17:29:51,14.9856,53
SVH9,17:29:51,15.2978,1
SVH9,17:29:55,16.4010,100
SVH9,17:30:13,15.3076,189
SVH9,17:30:13,14.9952,10
SVH9,17:30:13,15.4638,20
SVH9,17:30:13,15.3174,53
SVH9,17:30:13,15.9426,25
SVH9,17:30:13,15.9426,46
SVH9,17:30:13,16.4115,6
SVH9,17:30:13,15.6300,3
SVH9,17:30:13,14.8485,23
SVH9,17:30:13,15.6300,100
SVH9,17:30:13,15.4737,7
SVH9,17:30:13,16.4115,2
SVH9,17:30:13,15.6300,84
SVH9,17:30:21,15.9528,12
SVH9,17:30:21,15.1708,1
SVH9,17:30:21,15.7964,53
SVH9,17:30:21,15.4836,7
SVH9,17:30:21,15.6400,20
SVH9,17:30:21,15.4836,1
SVH9,17:30:21,15.0144,25
SVH9,17:30:21,15.4836,5
SVH9,17:30:21,15.0144,115
SVH9,17:30:21,15.7863,33
SVH9,17:30:23,14.8580,10
SVH9,17:30:23,15.9528,80
SVH9,17:30:23,16.4220,25
SVH9,17:30:23,16.1092,91
SVH9,17:31:11,15.6300,5
SVH9,17:31:11,15.0144,1
SVH9,17:31:18,16.4115,37
SVH9,17:31:30,15.3272,1
SVH9,17:31:39,16.4220,2
SVH9,17:31:57,14.8580,3
SVH9,17:31:57,16.4220,10
SVH9,17:31:57,15.4836,33
SVH9,17:31:57,15.4836,3
SVH9,17:31:59,15.1708,1
SVH9,17:32:00,15.7964,2
SVH9,17:32:00,16.2656,1
SVH9,17:32:00,15.6400,4
SVH9,17:32:26,15.0048,1
SVH9,17:33:48,15.3174,50
SVH9,17:33:48,16.4115,1
SVH9,17:34:07,15.0144,5
SVH9,17:34:24,15.0048,53
SVH9,17:34:24,16.2552,12
SVH9,17:36:35,16.0886,1
SVH9,17:36:35,15.4638,1
SVH9,17:37:20,15.9222,1
SVH9,17:37:23,15.1611,1
SVH9,17:37:31,16.0783,1
SVH9,17:37:51,14.8295,1
SVH9,17:38:58,15.4539,50
SVH9,17:38:58,16.2344,50
SVH9,17:39:00,15.1417,25
SVH9,17:39:00,15.7661,25
SVH9,17:39:32,16.2448,76
SVH9,17:39:32,15.1514,53
SVH9,17:39:32,16.4010,100
SVH9,17:39:32,16.0886,120
SVH9,17:39:33,15.3076,25
SVH9,17:39:38,16.4115,53
SVH9,17:39:47,15.4638,1
SVH9,17:40:13,15.9426,23
SVH9,17:40:13,14.8485,120
SVH9,17:40:13,15.6300,7
SVH9,17:40:13,15.6300,1650
SVH9,17:40:28,16.2552,1
SVH9,17:41:32,15.6300,33
SVH9,17:41:36,15.4737,50
SVH9,17:42:41,14.8580,1
SVH9,17:42:41,15.9528,1
SVH9,17:42:41,16.4220,7
SVH9,17:42:41,14.8580,25
SVH9,17:42:41,16.4220,2
SVH9,17:42:41,16.4220,1
SVH9,17:42:41,15.1708,323
SVH9,17:42:49,16.2552,1
SVH9,17:43:04,15.6400,5
SVH9,17:43:29,15.4935,2
SVH9,17:43:29,15.3370,5
SVH9,17:43:29,15.8065,61
SVH9,17:43:29,15.4935,1
SVH9,17:43:29,15.9630,1
SVH9,17:43:29,15.3370,20
SVH9,17:43:29,15.8065,5
SVH9,17:43:29,15.9630,3
SVH9,17:43:29,15.6500,1
SVH9,17:43:29,16.4325,4
SVH9,17:43:29,16.2760,1
SVH9,17:43:29,15.0240,1
SVH9,17:43:29,15.4935,2
SVH9,17:43:29,15.4935,1
SVH9,17:43:30,16.1298,4
SVH9,17:43:30,15.0336,1
SVH9,17:43:30,15.9732,3
SVH9,17:43:30,15.0336,25
SVH9,17:43:30,15.8166,7
SVH9,17:43:30,15.3468,265
SVH9,17:43:30,15.8166,40
SVH9,17:43:30,16.1195,1
SVH9,17:43:30,14.8675,1
SVH9,17:43:30,14.8675,1
SVH9,17:43:31,14.8580,10
SVH9,17:43:47,16.2760,1
SVH9,17:44:10,15.8065,3
SVH9,17:44:39,15.3468,1
SVH9,17:44:39,16.2864,1
SVH9,17:44:39,16.4430,3
SVH9,17:44:39,15.5034,3
SVH9,17:44:48,15.6600,1
SVH9,17:45:29,16.2968,1
SVH9,17:45:29,15.8267,1
SVH9,17:45:29,15.8267,2
SVH9,17:45:29,16.1401,1
SVH9,17:45:29,16.4535,1
SVH9,17:45:29,15.0432,75
SVH9,17:45:29,15.8267,1
SVH9,17:45:29,15.5133,50
SVH9,17:45:29,15.6800,1
SVH9,17:45:29,15.9936,2
SVH9,17:45:29,15.8267,10
SVH9,17:45:29,15.8368,3
SVH9,17:45:29,15.2096,1
SVH9,17:45:44,14.8960,1
SVH9,17:45:44,15.5133,10
SVH9,17:45:47,16.1504,3
SVH9,17:45:57,15.0432,50
SVH9,17:46:05,15.2096,1
SVH9,17:46:05,15.2096,10
SVH9,17:46:05,15.0528,1
SVH9,17:46:05,15.5232,15
SVH9,17:46:05,15.5232,10
SVH9,17:46:11,15.9834,3
SVH9,17:46:11,16.4535,12
SVH9,17:46:12,14.8960,2
SVH9,17:46:15,16.2968,1
SVH9,17:46:21,15.0432,20
SVH9,17:46:22,15.3566,23
SVH9,17:46:46,15.1902,30
SVH9,17:47:18,15.3566,5
SVH9,17:47:26,16.1504,10
SVH9,17:47:42,16.4535,1
SVH9,17:47:46,14.8865,5
SVH9,17:47:47,16.1401,5
SVH9,17:48:24,15.3468,1
SVH9,17:48:25,15.1902,5
SVH9,17:48:27,16.4535,5
SVH9,17:48:54,15.3566,53
SVH9,17:48:54,15.1999,24
SVH9,17:48:58,15.0432,79
SVH9,17:48:58,15.6700,53
SVH9,17:48:58,15.9834,24
SVH9,17:48:58,14.8865,33
SVH9,17:49:02,15.6700,500
SVH9,17:49:03,15.8267,20
SVH9,17:49:13,15.1999,1
SVH9,17:49:19,15.0432,85
SVH9,17:49:22,15.5133,500
SVH9,17:49:22,15.5133,5
SVH9,17:49:41,15.2096,81
SVH9,17:49:41,15.0528,19
SVH9,17:49:47,15.1999,100
SVH9,17:49:52,15.5133,19
SVH9,17:49:52,15.9834,58
SVH9,17:50:01,15.0336,5
SVH9,17:50:51,16.4430,2
SVH9,17:52:04,16.1298,1
SVH9,17:52:05,15.3566,22
SVH9,17:52:05,15.8267,78
SVH9,17:52:29,16.2968,16
SVH9,17:52:29,15.1999,47
SVH9,17:53:25,15.0432,10
SVH9,17:53:42,15.1999,1
SVH9,17:53:59,15.3468,53
SVH9,17:53:59,15.6600,12
SVH9,17:53:59,16.1298,104
SVH9,17:53:59,15.9732,1
SVH9,17:53:59,14.8770,7
SVH9,17:53:59,15.6600,1
SVH9,17:53:59,15.6600,499
SVH9,17:54:17,16.2864,1
SVH9,17:55:08,15.5034,2
SVH9,17:55:41,15.0336,5
SVH9,17:55:51,15.5034,10
SVH9,17:56:12,15.8166,16
SVH9,17:56:49,15.3468,3
SVH9,17:56:49,15.8166,19
SVH9,17:56:49,16.1298,3
SVH9,17:57:12,15.0336,1
SVH9,17:57:24,16.1298,22
SVH9,17:57:58,16.1298,9
SVH9,17:57:58,16.4430,11
SVH9,17:58:54,14.8770,7
SVH9,18:00:31,16.1298,25
SVH9,18:00:32,16.1298,25
SVH9,18:00:32,16.2864,104
SVH9,18:00:32,15.6600,3
SVH9,18:00:39,15.5133,3
SVH9,18:00:40,15.6700,1
SVH9,18:00:40,14.8865,2
SVH9,18:02:16,16.4430,1
SVH9,18:02:29,15.5133,18
SVH9,18:02:29,14.8865,10
SVH9,18:02:29,16.4535,2
SVH9,18:02:29,16.4535,5
SVH9,18:02:29,15.6700,3
SVH9,18:03:11,15.2096,2
SVH9,18:03:12,15.2096,1
SVH9,18:03:12,15.9936,2
SVH9,18:03:36,15.8267,5
SVH9,18:04:20,16.1298,2
SVH9,18:04:28,14.8770,1
SVH9,18:04:53,15.3468,2
SVH9,18:05:01,16.2968,20
SVH9,18:05:17,15.3468,6
SVH9,18:05:29,16.1298,29
SVH9,18:05:29,15.8267,20
SVH9,18:05:31,15.6600,3
SVH9,18:05:59,15.5034,5
SVH9,18:07:26,15.8267,3
SVH9,18:07:26,15.3566,12
SVH9,18:08:43,15.6700,3
SVH9,18:08:43,16.2968,1
SVH9,18:10:21,15.6800,15
SVH9,18:10:21,16.1504,10
SVH9,18:10:48,15.9834,6
SVH9,18:11:03,16.1504,3
SVH9,18:11:03,15.3664,1
SVH9,18:11:03,15.2096,3
SVH9,18:11:03,15.5232,10
SVH9,18:11:03,14.8960,2
SVH9,18:11:03,15.9936,1
SVH9,18:11:03,15.0528,44
SVH9,18:11:03,15.6800,8
SVH9,18:11:05,15.3664,1
SVH9,18:11:10,15.6900,1
SVH9,18:11:10,15.6900,16
SVH9,18:11:10,16.1607,17
SVH9,18:11:10,15.3860,1
SVH9,18:11:10,15.7000,1
SVH9,18:11:10,15.7000,1
SVH9,18:11:11,16.1607,3
SVH9,18:11:20,16.4850,4
SVH9,18:11:20,14.9150,1
SVH9,18:11:20,16.3280,3
SVH9,18:11:20,16.4850,2
SVH9,18:11:20,14.9150,1
SVH9,18:11:20,16.0140,1
SVH9,18:11:20,16.3280,1
SVH9,18:11:20,15.8570,1
SVH9,18:11:20,16.1710,1
SVH9,18:11:20,15.7000,5
SVH9,18:11:20,15.3860,2
SVH9,18:11:20,16.0140,8
SVH9,18:11:20,15.2290,53
SVH9,18:11:20,16.3280,5
SVH9,18:11:20,15.7000,1
SVH9,18:11:20,15.8570,3
SVH9,18:11:20,15.7000,8
SVH9,18:11:20,15.7000,3
SVH9,18:11:20,14.9150,2
SVH9,18:11:20,16.0140,1
SVH9,18:11:20,15.5430,10
SVH9,18:11:20,15.3860,17
SVH9,18:11:20,15.2290,7
SVH9,18:11:20,14.9150,3
SVH9,18:11:20,14.9150,2
SVH9,18:11:20,15.2290,1
SVH9,18:11:20,15.8570,124
SVH9,18:11:23,16.0242,5
SVH9,18:11:23,16.0242,1
SVH9,18:11:23,15.2387,1
SVH9,18:11:23,16.4955,25
SVH9,18:11:23,16.4955,3
SVH9,18:11:23,15.5430,1
SVH9,18:11:32,16.1710,1
SVH9,18:11:36,15.0720,500
SVH9,18:11:36,15.8570,944
SVH9,18:11:37,16.1607,25
SVH9,18:11:38,15.8368,4
SVH9,18:12:17,15.8469,500
SVH9,18:12:34,15.2193,16
SVH9,18:12:34,16.0038,18
SVH9,18:12:43,15.5331,1
SVH9,18:12:44,16.4745,1
SVH9,18:12:49,16.0038,1
SVH9,18:12:49,15.5331,1
SVH9,18:12:53,15.6900,5
SVH9,18:13:00,15.5331,7
SVH9,18:13:00,15.2193,18
SVH9,18:13:14,15.2193,2
SVH9,18:13:18,15.2193,3
SVH9,18:13:29,16.1607,50
SVH9,18:13:29,15.3762,500
SVH9,18:13:29,14.9055,211
SVH9,18:14:33,16.0038,3
SVH9,18:14:35,15.3762,4
SVH9,18:14:39,15.5430,53
SVH9,18:14:56,15.8570,7
SVH9,18:14:56,15.2290,20
SVH9,18:14:56,16.0140,137
SVH9,18:14:56,15.2290,10
SVH9,18:14:56,16.0140,25
SVH9,18:14:56,15.5430,53
SVH9,18:14:56,16.0140,1
SVH9,18:14:57,15.8570,1
SVH9,18:14:59,14.9150,44
SVH9,18:14:59,15.2290,18
SVH9,18:15:19,16.3384,2
SVH9,18:15:37,16.1710,50
SVH9,18:16:09,15.8671,2
SVH9,18:16:09,16.0242,1
SVH9,18:16:11,14.9245,4
SVH9,18:16:11,15.2387,1
SVH9,18:16:11,16.4955,1
SVH9,18:16:11,14.9245,6
SVH9,18:16:11,14.9245,1
SVH9,18:16:11,14.9245,7
SVH9,18:16:46,15.7100,3
SVH9,18:16:46,15.2387,1
SVH9,18:16:46,15.2387,14
SVH9,18:16:48,16.1813,30
SVH9,18:16:52,16.0242,1
SVH9,18:17:02,15.5529,25
SVH9,18:17:02,15.2387,1
SVH9,18:17:15,15.8671,50
SVH9,18:17:48,14.9245,5
SVH9,18:17:49,16.1813,5
SVH9,18:18:22,16.5060,1
SVH9,18:18:22,15.5628,1
SVH9,18:18:22,14.9340,1
SVH9,18:18:27,16.3488,3
SVH9,18:18:27,15.0912,3
SVH9,18:18:27,15.8772,5
SVH9,18:18:27,16.5060,53
SVH9,18:18:27,15.8772,1
SVH9,18:18:27,15.8772,7
SVH9,18:18:27,15.2484,20
SVH9,18:18:27,15.0912,8
SVH9,18:18:57,16.3384,25
SVH9,18:18:57,15.7100,28
SVH9,18:18:58,16.4955,3
SVH9,18:19:01,16.0344,5
SVH9,18:19:01,15.2484,5
SVH9,18:19:01,16.5060,5
SVH9,18:19:01,15.8772,115
SVH9,18:19:05,15.2484,1
SVH9,18:19:06,16.5060,18
SVH9,18:19:18,16.0344,25
SVH9,18:19:18,16.5060,35
SVH9,18:19:21,16.3592,1
SVH9,18:19:21,15.1008,1
SVH9,18:19:21,15.1008,1
SVH9,18:19:22,15.8873,3
SVH9,18:19:37,15.7200,53
SVH9,18:19:37,16.3488,10
SVH9,18:19:37,15.2484,120
SVH9,18:19:37,16.1916,161
SVH9,18:19:56,15.2581,1
SVH9,18:20:13,16.3696,5
SVH9,18:20:13,16.3696,5
SVH9,18:20:13,15.4252,53
SVH9,18:20:13,15.2678,30
SVH9,18:20:13,15.4252,144
SVH9,18:20:14,15.2678,1
SVH9,18:20:15,16.2122,1
SVH9,18:20:25,15.4154,2
SVH9,18:20:25,15.5826,9
SVH9,18:20:31,16.2122,2
SVH9,18:20:41,16.2122,3
SVH9,18:20:42,16.5270,340
SVH9,18:20:42,15.5826,7
SVH9,18:20:42,14.9530,253
SVH9,18:20:43,15.7300,8
SVH9,18:21:00,16.5165,1
SVH9,18:21:07,15.4056,1
SVH9,18:21:15,15.2484,1
SVH9,18:21:26,16.5060,1
SVH9,18:21:30,15.1008,1
SVH9,18:21:30,15.5727,1
SVH9,18:21:30,15.1008,50
SVH9,18:21:32,15.8873,1
SVH9,18:21:38,15.1008,19
SVH9,18:22:00,15.2581,5
SVH9,18:22:00,15.4154,1
SVH9,18:22:00,15.2581,10
SVH9,18:22:13,15.2581,20
SVH9,18:22:39,16.2122,20
SVH9,18:22:39,15.2678,1
SVH9,18:22:39,14.9530,2
SVH9,18:22:39,15.5925,2
SVH9,18:22:39,14.9625,5
SVH9,18:22:39,15.5925,1
SVH9,18:22:39,16.3800,1
SVH9,18:22:39,15.1200,1
SVH9,18:22:39,15.7500,6
SVH9,18:22:39,16.2225,10
SVH9,18:22:39,15.9075,1
SVH9,18:22:39,15.7500,53
SVH9,18:22:39,15.1200,4
SVH9,18:22:39,15.9075,8
SVH9,18:22:39,15.2775,1
SVH9,18:22:39,15.9075,25
SVH9,18:22:39,16.5375,2
SVH9,18:22:39,15.5925,6
SVH9,18:22:39,15.7500,6
SVH9,18:22:39,15.2775,500
SVH9,18:22:39,15.4350,120
SVH9,18:22:39,15.9075,1
SVH9,18:22:39,15.7500,1977
SVH9,18:22:39,15.4350,2
SVH9,18:22:45,14.9625,500
SVH9,18:22:45,16.3800,25
SVH9,18:22:45,15.7500,2000
SVH9,18:22:45,15.5925,120
SVH9,18:22:45,14.9625,1
SVH9,18:22:48,15.4252,1
SVH9,18:22:50,16.3800,1
SVH9,18:23:00,15.5826,16
SVH9,18:23:03,15.4350,1
SVH9,18:23:09,16.2225,1
SVH9,18:23:19,15.9075,1769
SVH9,18:23:19,15.7500,877
SVH9,18:23:31,16.0650,20
SVH9,18:23:31,15.1200,2
SVH9,18:23:39,16.0650,455
SVH9,18:23:44,15.8974,1
SVH9,18:23:48,15.7400,4
SVH9,18:23:56,15.2775,18
SVH9,18:24:04,15.5826,1
SVH9,18:24:05,15.7500,131
SVH9,18:24:15,16.3800,1
SVH9,18:24:19,16.0650,10
SVH9,18:24:23,16.3800,3
SVH9,18:24:29,15.4350,82
SVH9,18:24:29,15.9075,183
SVH9,18:24:29,15.4350,57
SVH9,18:24:44,16.0752,4
SVH9,18:24:44,15.1296,1
SVH9,18:24:44,16.5480,2
SVH9,18:24:44,16.2328,7
SVH9,18:24:44,16.5480,1
SVH9,18:24:44,15.2872,1
SVH9,18:24:44,16.2328,20
SVH9,18:24:46,15.4448,1
SVH9,18:24:48,16.2225,8
SVH9,18:24:48,15.1200,2
SVH9,18:24:52,15.4448,2
SVH9,18:24:57,15.9176,1
SVH9,18:25:13,15.9176,1
SVH9,18:25:25,16.3904,2
SVH9,18:25:27,15.9176,18
SVH9,18:25:31,16.0752,1
SVH9,18:25:41,16.5585,1
SVH9,18:25:41,16.5585,1
SVH9,18:25:42,15.2872,1
SVH9,18:25:56,15.4448,2
SVH9,18:25:58,16.4008,3
SVH9,18:25:58,16.5585,4
SVH9,18:25:58,16.5585,2
SVH9,18:25:58,15.2969,241
SVH9,18:27:23,15.4252,5
SVH9,18:27:34,14.9625,1
SVH9,18:27:50,15.5826,1
SVH9,18:27:53,15.7500,1
SVH9,18:27:53,15.4350,1
SVH9,18:27:54,15.7400,50
SVH9,18:28:02,15.5925,25
SVH9,18:28:03,16.0548,141
SVH9,18:28:03,15.7400,2
SVH9,18:28:05,15.9075,1
SVH9,18:28:17,15.9075,2
SVH9,18:28:25,15.2775,4
SVH9,18:28:48,16.2225,4
SVH9,18:28:55,15.1104,1
SVH9,18:29:07,16.3696,1
SVH9,18:29:18,16.3592,100
SVH9,18:29:39,15.7300,1
SVH9,18:29:41,15.8873,4
SVH9,18:29:41,16.5165,53
SVH9,18:29:41,15.1008,139
SVH9,18:29:41,16.5165,78
SVH9,18:29:41,15.5727,25
SVH9,18:29:41,16.5165,1
SVH9,18:29:47,16.5165,1
SVH9,18:29:47,15.4154,4
SVH9,18:29:49,16.5165,1
SVH9,18:30:07,15.1008,1
SVH9,18:30:07,16.0446,1
SVH9,18:30:07,14.9435,1
SVH9,18:30:11,16.0548,9
SVH9,18:30:16,15.5727,136
SVH9,18:30:16,15.1008,14
SVH9,18:30:24,15.1104,11
SVH9,18:30:24,16.0548,6
SVH9,18:30:33,15.4154,11
SVH9,18:30:33,15.2581,2
SVH9,18:30:33,14.9435,57
SVH9,18:30:45,16.2122,2
SVH9,18:31:16,15.8974,18
SVH9,18:31:16,15.1104,2
SVH9,18:31:49,15.5826,25
SVH9,18:31:49,15.7400,125
SVH9,18:32:29,15.4154,31
SVH9,18:32:29,16.3592,3
SVH9,18:33:05,15.1104,150
SVH9,18:33:05,15.4252,1
SVH9,18:33:05,15.8974,2
SVH9,18:33:17,15.8974,5
SVH9,18:33:22,16.5270,2
SVH9,18:33:42,15.7400,9
SVH9,18:33:44,16.2122,17
SVH9,18:34:04,15.5826,9
SVH9,18:34:04,15.8974,1
SVH9,18:34:10,15.8873,1
SVH9,18:34:16,15.5727,10
SVH9,18:34:18,16.0446,2
SVH9,18:34:42,15.1008,1
SVH9,18:35:17,14.9530,30
SVH9,18:35:18,16.2122,1
SVH9,18:35:18,16.2122,49
SVH9,18:35:18,16.3696,41
SVH9,18:35:59,16.5165,1
SVH9,18:36:34,15.1200,5
SVH9,18:36:59,15.4350,50
SVH9,18:36:59,15.7500,5
SVH9,18:36:59,16.0650,15
SVH9,18:37:04,16.2122,9
SVH9,18:37:04,16.5270,11
SVH9,18:37:10,14.9625,36
SVH9,18:37:10,14.9625,50
SVH9,18:37:10,16.2225,135
SVH9,18:37:10,15.1200,159
SVH9,18:37:49,15.1200,3
SVH9,18:39:01,15.1200,16
SVH9,18:39:04,15.1104,9
SVH9,18:39:38,16.5270,1
SVH9,18:40:20,15.2775,10
SVH9,18:40:27,15.2775,62
SVH9,18:40:27,14.9625,5
SVH9,18:40:27,15.7500,190
SVH9,18:40:33,16.5375,8
SVH9,18:41:18,15.5826,5
SVH9,18:42:32,16.5270,50
SVH9,18:43:09,15.4350,11
SVH9,18:43:24,16.2122,42
SVH9,18:43:33,15.5826,6
SVH9,18:43:47,15.2775,41
SVH9,18:43:47,15.4350,1
SVH9,18:43:47,16.0650,10
SVH9,18:44:04,16.2225,1
SVH9,18:44:05,15.2775,5
SVH9,18:44:08,15.4448,1
SVH9,18:44:09,15.6024,18
SVH9,18:44:12,16.3904,1
SVH9,18:44:13,15.1392,4
SVH9,18:44:14,16.2431,3
SVH9,18:44:18,15.2969,1
SVH9,18:44:18,16.4008,2
SVH9,18:44:18,15.7700,4
SVH9,18:44:18,15.1392,2
SVH9,18:44:59,16.2328,4
SVH9,19:00:01,16.3152,1
SVH9,19:00:01,16.6320,12
SVH9,19:00:02,15.8400,11
SVH9,19:03:31,16.6005,3
SVH9,19:03:32,15.5036,10
SVH9,19:03:32,15.0290,23
SVH9,19:03:32,15.0290,31
SVH9,19:03:32,16.6005,1
SVH9,19:03:35,16.6110,10
SVH9,19:03:55,15.1776,12
SVH9,19:03:55,15.4938,3
SVH9,19:03:55,16.1262,10
SVH9,19:03:55,15.4938,10
SVH9,19:03:55,15.0100,1
SVH9,19:03:55,16.5900,29
SVH9,19:06:14,15.0195,1
SVH9,19:06:14,15.4840,15
SVH9,19:09:31,16.4632,5
SVH9,19:10:59,15.1872,15
SVH9,19:11:45,16.1364,1
SVH9,19:14:23,16.6110,7
SVH9,19:14:23,16.4528,16
SVH9,19:27:12,15.0290,9
SVH9,19:27:12,15.3454,1
SVH9,19:27:12,16.2946,10
SVH9,19:27:12,16.1364,10
SVH9,19:33:07,15.3551,2
SVH9,19:33:07,15.9883,1
SVH9,19:35:48,16.4528,4
SVH9,19:37:37,15.8200,10
SVH9,19:43:15,15.8200,1
SVH9,19:43:41,15.3551,1
SVH9,19:46:43,15.5134,1
SVH9,19:51:37,16.1364,5
SVH9,19:51:37,15.6618,20
SVH9,19:51:37,15.1872,5
SVH9,19:53:51,15.3454,1
SVH9,19:57:52,16.6005,1
SVH9,20:02:46,15.1968,1
SVH9,20:09:04,16.1364,1
SVH9,20:16:08,15.1776,10
SVH9,20:16:09,16.2843,6
SVH9,20:26:49,15.3357,1
SVH9,20:26:49,15.4938,1
SVH9,20:26:49,15.1776,1
SVH9,20:26:49,15.0195,5
SVH9,20:29:12,15.3454,1
SVH9,20:38:05,15.4938,2
SVH9,20:44:15,16.4424,1
SVH9,20:46:42,15.3357,7
SVH9,20:46:42,16.6005,2
SVH9,20:48:10,15.8200,40
SVH9,20:48:10,16.1364,8
SVH9,20:48:10,15.1872,3
SVH9,20:48:10,16.6110,2
SVH9,20:48:10,15.3454,2
SVH9,20:48:10,15.3454,1
SVH9,20:49:44,15.6618,1
SVH9,20:50:25,15.8200,34
SVH9,20:50:25,15.3454,2
SVH9,20:51:37,15.1872,63
SVH9,20:51:37,16.6110,35
SVH9,20:51:37,16.1364,2
SVH9,20:52:18,15.9883,7
SVH9,20:52:18,16.4632,23
SVH9,20:52:18,16.4632,7
SVH9,20:52:18,15.6717,10
SVH9,20:52:18,15.1968,3
SVH9,20:52:18,15.0385,1
SVH9,20:59:56,15.8300,9
SVH9,20:59:56,16.3152,7
SVH9,21:04:56,15.8400,10
SVH9,21:04:56,15.5232,10
SVH9,21:10:15,16.6320,5
SVH9,21:10:15,15.9984,10
SVH9,21:10:15,16.1568,1
SVH9,21:10:15,15.0575,20
SVH9,21:10:15,15.0575,2
SVH9,21:10:15,15.5330,7
SVH9,21:10:15,15.5330,1
SVH9,21:22:31,16.4528,1
SVH9,21:24:44,15.9782,2
SVH9,21:24:44,15.9782,5
SVH9,21:24:44,15.0290,7
SVH9,21:24:44,15.9782,10
SVH9,21:24:44,15.6618,6
SVH9,21:28:50,16.4736,23
SVH9,21:31:24,16.1568,2
SVH9,21:40:41,15.0480,1
SVH9,21:46:35,16.4528,2
SVH9,21:56:36,15.8400,1
SVH9,21:59:21,15.9883,2
SVH9,21:59:21,15.5134,1
SVH9,21:59:21,15.9782,2
SVH9,21:59:21,16.2946,2
SVH9,21:59:21,15.8200,2
SVH9,21:59:40,15.8400,13
SVH9,21:59:40,16.3152,3
SVH9,22:19:05,16.3049,9
SVH9,22:20:46,16.1466,10
SVH9,22:56:46,16.6320,1
SVH9,22:56:46,16.4736,6
SVH9,23:05:26,16.4632,1
SVH9,23:19:53,16.4736,1
SVH9,23:19:54,16.4736,1
SVH9,23:19:54,16.0085,18
SVH9,23:19:54,15.0575,6
SVH9,23:19:58,15.6717,1
SVH9,23:23:40,15.8300,1
SVH9,23:49:51,15.2160,1
SVH9,10:00:00,15.9782,1
SVH9,10:00:00,15.3357,2
SVH9,10:00:00,16.1160,8
SVH9,10:00:00,15.6420,1
SVH9,10:00:00,15.3260,2
SVH9,10:00:00,15.3260,5
SVH9,10:00:00,15.3260,8
SVH9,10:00:00,15.1680,1
SVH9,10:00:00,16.1058,44
SVH9,10:00:00,15.1584,2
SVH9,10:00:00,15.3066,1
SVH9,10:00:00,15.0005,5
SVH9,10:00:00,15.0005,1
SVH9,10:00:00,15.4644,9
SVH9,10:00:00,15.4546,1
SVH9,10:00:00,16.5585,1
SVH9,10:00:00,16.2431,1
SVH9,10:00:00,14.9720,2
SVH9,10:00:00,15.9176,6
SVH9,10:00:00,15.4448,1
SVH9,10:00:00,15.4644,2
SVH9,10:00:00,15.7700,4
SVH9,10:00:00,16.5480,4
SVH9,10:00:00,15.4448,1
SVH9,10:00:00,16.0752,2
SVH9,10:00:00,15.4448,5
SVH9,10:00:00,16.2225,1
SVH9,10:00:00,15.2775,19
SVH9,10:00:00,16.2225,2
SVH9,10:00:00,15.9075,10
SVH9,10:00:00,15.1200,1
SVH9,10:00:00,14.9625,1
SVH9,10:00:00,15.7500,10
SVH9,10:00:00,15.5925,5
SVH9,10:00:00,16.0548,1
SVH9,10:00:00,16.5165,5
SVH9,10:00:00,15.8772,7
SVH9,10:00:00,15.0912,3
SVH9,10:00:01,16.0344,10
SVH9,10:00:01,15.5925,10
SVH9,10:00:01,16.0650,2
SVH9,10:00:01,15.2775,1
SVH9,10:00:02,16.2225,5
SVH9,10:00:03,16.0548,5
SVH9,10:00:05,16.2225,1
SVH9,10:00:09,15.9075,8
SVH9,10:00:09,15.2775,1
SVH9,10:00:09,15.5925,1
SVH9,10:00:09,15.7500,1
SVH9,10:00:11,15.7500,1
SVH9,10:00:14,15.4350,16
SVH9,10:00:15,16.5375,8
SVH9,10:00:15,15.2775,74
SVH9,10:00:32,15.2775,10
SVH9,10:00:33,16.0650,1000
SVH9,10:00:36,15.4350,10
SVH9,10:00:40,14.9625,6
SVH9,10:00:48,15.1200,197
SVH9,10:00:48,14.9625,700
SVH9,10:00:48,14.9625,103
SVH9,10:01:03,15.2775,2
SVH9,10:01:13,15.8974,1
SVH9,10:01:15,15.4350,19
SVH9,10:01:20,15.9075,576
SVH9,10:01:20,15.4350,95
SVH9,10:01:20,16.5375,688
SVH9,10:01:20,16.5375,641
SVH9,10:01:39,15.4350,1125
SVH9,10:01:39,15.7500,875
SVH9,10:01:41,16.3800,3
SVH9,10:01:52,16.5375,3
SVH9,10:02:02,15.2775,12
SVH9,10:02:02,15.2775,3
SVH9,10:02:02,16.2225,4
SVH9,10:02:02,16.0650,4
SVH9,10:02:02,15.5925,1
SVH9,10:02:02,15.2775,2
SVH9,10:02:02,15.4350,5
SVH9,10:02:06,15.1200,5
SVH9,10:02:06,15.9075,2
SVH9,10:02:09,15.5826,4
SVH9,10:02:12,15.4350,1
SVH9,10:02:13,15.7500,74
SVH9,10:02:13,16.3800,15
SVH9,10:02:13,16.3904,411
SVH9,10:02:13,15.7600,1
SVH9,10:02:24,15.7600,3
SVH9,10:02:27,15.7500,5
SVH9,10:02:28,16.0752,149
SVH9,10:02:28,15.9176,7
SVH9,10:02:28,14.9720,25
SVH9,10:02:28,15.9176,53
SVH9,10:02:28,15.9176,23
SVH9,10:02:28,15.6024,5
SVH9,10:02:28,15.2872,1
SVH9,10:02:28,16.0752,80
SVH9,10:02:28,15.2872,9
SVH9,10:02:34,16.3904,20
SVH9,10:02:34,15.7600,2
SVH9,10:02:41,16.2328,2
SVH9,10:02:55,15.2969,1
SVH9,10:03:02,16.0854,1
SVH9,10:03:03,15.7700,1
SVH9,10:03:08,16.5585,4
SVH9,10:03:16,15.1392,1
SVH9,10:03:16,14.9815,3
SVH9,10:03:16,14.9815,1
SVH9,10:03:16,15.1392,1
SVH9,10:03:21,16.4008,1
SVH9,10:03:21,16.5585,1
SVH9,10:03:21,16.0854,1
SVH9,10:03:21,15.9277,7
SVH9,10:03:29,15.1392,1
SVH9,10:03:41,15.1392,3
SVH9,10:03:47,15.9277,15
SVH9,10:03:53,15.2872,1
SVH9,10:05:20,16.3904,3
SVH9,10:05:21,15.2872,2
SVH9,10:07:24,15.9277,1
SVH9,10:07:39,16.2431,20
SVH9,10:09:08,16.4008,1
SVH9,10:09:19,15.9277,59
SVH9,10:09:19,14.9815,59
SVH9,10:09:23,15.9277,1
SVH9,10:09:48,14.9815,1
SVH9,10:10:15,16.2431,1
SVH9,10:10:23,15.6123,38
SVH9,10:10:23,14.9815,162
SVH9,10:10:57,15.1392,338
SVH9,10:10:57,15.1392,5
SVH9,10:10:57,14.9815,17
SVH9,10:12:30,15.1488,1
SVH9,10:12:32,15.7700,3
SVH9,10:13:50,16.0956,9
SVH9,10:14:07,14.9910,13
SVH9,10:14:07,15.7800,4
SVH9,10:14:44,16.4216,1
SVH9,10:14:45,16.2637,6
SVH9,10:14:50,16.1058,1
SVH9,10:15:22,16.5795,1
SVH9,10:15:38,16.4216,1
SVH9,10:15:43,15.6321,1
SVH9,10:15:48,15.3163,1
SVH9,10:16:43,15.3163,5
SVH9,10:16:52,16.1058,3
SVH9,10:16:55,15.6321,13
SVH9,10:16:55,16.4216,23
SVH9,10:16:55,15.0005,53
SVH9,10:16:55,15.6321,48
SVH9,10:19:06,15.3163,2
SVH9,10:19:24,15.1584,1
SVH9,10:19:24,15.9479,10
SVH9,10:19:29,16.4216,1
SVH9,10:19:39,15.4644,5
SVH9,10:20:32,15.1488,9
SVH9,10:22:36,15.0005,1
SVH9,10:23:09,16.5795,3
SVH9,10:23:09,16.1058,5
SVH9,10:23:56,15.6321,1
SVH9,10:23:56,15.1584,9
SVH9,10:26:04,15.8000,5
SVH9,10:26:42,15.8000,3
SVH9,10:27:51,16.4216,5
SVH9,10:29:02,15.6420,3
SVH9,10:29:15,15.3163,1
SVH9,10:30:04,16.5900,20
SVH9,10:30:14,15.0100,1
SVH9,10:31:20,16.1058,11
SVH9,10:31:20,16.5795,6
SVH9,10:33:51,15.1680,3
SVH9,10:37:00,15.1680,65
SVH9,10:37:00,16.4320,1
SVH9,10:37:00,16.1160,2
SVH9,10:37:00,15.6420,1
SVH9,10:39:32,16.1058,6
SVH9,10:42:47,16.2637,1
SVH9,10:42:47,15.9479,4
SVH9,10:42:47,15.0005,30
SVH9,10:42:47,15.3163,3
SVH9,10:45:15,15.1584,1
SVH9,10:48:07,16.0956,20
SVH9,10:49:12,15.4644,1
SVH9,10:50:41,16.4216,2
SVH9,10:50:41,16.4216,43
SVH9,10:50:41,16.5795,21
SVH9,10:51:12,15.0005,2
SVH9,10:51:36,15.3163,11
SVH9,10:51:48,15.9479,1
SVH9,10:52:14,15.4742,1
SVH9,10:53:20,15.4840,1
SVH9,10:53:20,16.2740,1
SVH9,10:53:48,15.3357,1
SVH9,10:53:49,15.1776,3
SVH9,10:57:32,16.6005,2
SVH9,10:57:42,15.6519,10
SVH9,10:57:42,16.1262,6
SVH9,10:58:37,15.3357,20
SVH9,10:58:45,16.2843,25
SVH9,10:58:53,15.1776,10
SVH9,10:59:00,15.6519,5
SVH9,10:59:00,15.6519,5
SVH9,10:59:04,15.4938,1
SVH9,10:59:04,15.1776,1
SVH9,10:59:04,15.4938,1
SVH9,10:59:05,15.4938,1
SVH9,10:59:33,16.6005,19
SVH9,10:59:46,15.0195,8
SVH9,10:59:46,15.0195,8
SVH9,10:59:46,15.8100,8
SVH9,10:59:46,15.4938,8
SVH9,10:59:46,15.4938,8
SVH9,10:59:46,15.9681,22
SVH9,10:59:46,15.8100,19
SVH9,11:05:15,16.4424,9
SVH9,11:11:07,15.5036,1
SVH9,11:11:07,16.4528,1
SVH9,11:11:07,15.1872,1
SVH9,11:11:07,16.2946,1
SVH9,11:11:07,15.9782,1
SVH9,11:11:07,15.9782,10
SVH9,11:11:07,15.9782,2
SVH9,11:11:07,15.1872,2
SVH9,11:11:08,15.5036,2
SVH9,11:13:35,15.8200,2
SVH9,11:15:08,15.8100,1
SVH9,11:15:08,15.8100,1
SVH9,11:15:08,15.8100,1
SVH9,11:15:33,15.4840,20
SVH9,11:15:59,15.6519,5
SVH9,11:16:15,15.1776,5
SVH9,11:16:28,15.4938,5
SVH9,11:17:13,15.6519,10
SVH9,11:17:35,16.6005,1
SVH9,11:18:28,15.4938,1
SVH9,11:19:42,15.6618,81
SVH9,11:19:42,15.5036,3
SVH9,11:19:42,15.6618,16
SVH9,11:19:42,16.1262,20
SVH9,11:19:55,15.3357,11
SVH9,11:20:21,15.3454,3
SVH9,11:20:30,15.5036,1
SVH9,11:20:30,15.0290,1
SVH9,11:20:35,15.5036,35
SVH9,11:20:35,15.0290,8
SVH9,11:20:35,16.6110,19
SVH9,11:20:36,16.2946,1
SVH9,11:21:07,16.6110,42
SVH9,11:21:34,15.3454,5
SVH9,11:22:03,16.4528,3
SVH9,11:23:55,15.8300,10
SVH9,11:23:55,15.5134,19
SVH9,11:23:55,16.1466,1
SVH9,11:23:55,16.6215,2
SVH9,11:23:55,15.9883,10
SVH9,11:23:55,15.6717,1
SVH9,11:23:55,15.0385,4
SVH9,11:23:56,15.6717,12
SVH9,11:23:59,15.5134,1
SVH9,11:26:16,16.1568,4
SVH9,11:26:21,15.2064,11
SVH9,11:26:21,15.9984,1
SVH9,11:26:21,15.9984,10
SVH9,11:26:21,15.6816,1
SVH9,11:26:38,16.1670,1
SVH9,11:26:41,15.8400,1
SVH9,11:26:41,15.8400,6
SVH9,11:26:58,15.0575,1
SVH9,11:27:15,15.0480,1
SVH9,11:27:49,15.8500,1
SVH9,11:28:14,15.3648,30
SVH9,11:28:31,16.4736,17
SVH9,11:28:33,15.3745,3
SVH9,11:29:14,15.5330,2
SVH9,11:29:14,15.0575,2
SVH9,11:29:14,15.0575,2
SVH9,11:29:14,15.0575,48
SVH9,11:29:14,15.2160,5
SVH9,11:29:14,16.0085,1
SVH9,11:29:14,16.1670,20
SVH9,11:29:14,15.3745,2
SVH9,11:29:14,15.2160,10
SVH9,11:29:14,15.5330,8
SVH9,11:29:14,15.3745,10
SVH9,11:29:14,16.4840,5
SVH9,11:29:27,16.6425,4
SVH9,11:29:27,15.5330,5
SVH9,11:29:27,16.1670,3
SVH9,11:29:27,16.3255,5
SVH9,11:29:27,16.1670,5
SVH9,11:29:34,16.4944,5
SVH9,11:29:34,15.5428,2
SVH9,11:29:51,15.5428,1
SVH9,11:30:01,16.3255,2
SVH9,11:30:01,15.0575,2
SVH9,11:30:01,16.6425,15
SVH9,11:30:03,16.0085,1
SVH9,11:30:30,15.8500,1
SVH9,11:31:09,16.6425,1
SVH9,11:32:38,16.6320,5
SVH9,11:32:42,15.6816,1
SVH9,11:32:57,15.3648,25
SVH9,11:34:30,15.0480,20
SVH9,11:36:08,15.8300,3
SVH9,11:38:44,15.3648,1
SVH9,11:39:32,16.4632,1
SVH9,11:43:12,15.1968,1
SVH9,11:43:12,16.1466,5
SVH9,11:43:12,15.1968,1
SVH9,11:43:12,16.6215,1
SVH9,11:43:12,15.6717,20
SVH9,11:43:36,15.9883,33
SVH9,11:43:36,15.8300,17
SVH9,11:43:36,15.0385,7
SVH9,11:43:36,16.1466,26
SVH9,11:46:22,15.3648,1
SVH9,11:46:22,16.6425,1
SVH9,11:47:28,15.3648,2
SVH9,11:49:06,15.8400,21
SVH9,11:49:06,16.4736,29
SVH9,11:50:33,15.0480,2
SVH9,11:57:05,15.6816,1
SVH9,11:57:30,15.0480,1
SVH9,11:58:11,16.1466,7
SVH9,11:58:21,15.1968,1
SVH9,11:59:28,15.0575,1
SVH9,11:59:28,16.3255,1
SVH9,11:59:28,15.5330,5
SVH9,11:59:51,15.8600,1
SVH9,11:59:52,15.8600,3
SVH9,11:59:52,16.4944,3
SVH9,12:01:52,16.4840,1
SVH9,12:02:20,15.2160,1
SVH9,12:03:04,15.5330,1
SVH9,12:03:46,16.0085,1
SVH9,12:05:58,15.2064,1
SVH9,12:07:23,16.3152,1
SVH9,12:08:16,15.0480,3
SVH9,12:08:16,15.8400,17
SVH9,12:08:21,16.3152,5
SVH9,12:11:27,15.3842,4
SVH9,12:11:27,16.3358,5
SVH9,12:11:27,16.3358,5
SVH9,12:11:27,15.0670,2
SVH9,12:11:27,15.0670,2
SVH9,12:11:27,15.5428,2
SVH9,12:11:27,16.0186,5
SVH9,12:11:27,16.3358,15
SVH9,12:12:30,15.0670,2
SVH9,12:12:46,15.2256,20
SVH9,12:13:31,15.2256,1
SVH9,12:14:24,16.0186,2
SVH9,12:14:24,15.8600,17
SVH9,12:14:24,16.4944,17
SVH9,12:14:24,15.8600,4
SVH9,12:14:24,16.0186,39
SVH9,12:14:24,15.7014,21
SVH9,12:15:02,15.8600,17
SVH9,12:21:27,15.5428,23
SVH9,12:21:27,15.5428,27
SVH9,12:21:34,16.0085,5
SVH9,12:22:33,16.6530,2
SVH9,12:23:04,16.6425,1
SVH9,12:23:35,15.0575,1
SVH9,12:25:17,15.3842,2
SVH9,12:25:18,15.8700,1
SVH9,12:25:19,15.3939,2
SVH9,12:25:19,15.2352,19
SVH9,12:25:19,16.6635,5
SVH9,12:25:19,15.0765,1
SVH9,12:25:19,16.1874,9
SVH9,12:25:19,15.5526,48
SVH9,12:25:19,15.5526,28
SVH9,12:25:19,16.1874,23
SVH9,12:25:19,15.2352,337
SVH9,12:25:19,15.7113,53
SVH9,12:25:19,16.3461,765
SVH9,12:25:19,16.5048,1871
SVH9,12:25:19,16.3461,46
SVH9,12:25:19,16.6635,85
SVH9,12:25:19,15.0765,1591
SVH9,12:25:19,15.3939,509
SVH9,12:25:19,15.3939,610
SVH9,12:25:19,15.3939,1200
SVH9,12:25:19,16.3461,598
SVH9,12:25:19,16.5048,602
SVH9,12:25:25,16.0388,1
SVH9,12:25:26,15.8800,2
SVH9,12:25:46,16.0287,2
SVH9,12:25:46,16.6635,3
SVH9,12:27:08,15.7014,1
SVH9,12:27:42,16.1772,10
SVH9,12:28:54,16.3358,66
SVH9,12:28:54,15.3842,86
SVH9,12:28:54,16.4944,23
SVH9,12:28:54,15.5428,53
SVH9,12:28:54,15.5428,64
SVH9,12:29:10,16.6530,4
SVH9,12:29:10,15.2256,3
SVH9,12:29:10,16.6530,5
SVH9,12:29:10,16.3358,4
SVH9,12:29:10,15.7014,8
SVH9,12:29:10,15.5428,40
SVH9,12:29:27,16.3255,1
SVH9,12:30:00,15.8700,86
SVH9,12:30:00,15.2352,23
SVH9,12:30:00,16.6635,10
SVH9,12:30:00,15.7113,20
SVH9,12:30:00,15.0765,7
SVH9,12:30:00,15.5526,34
SVH9,12:30:00,16.6635,42
SVH9,12:30:00,15.8700,18
SVH9,12:30:00,16.6635,94
SVH9,12:30:00,15.5526,22
SVH9,12:30:16,16.3461,1
SVH9,12:31:22,16.4944,2
SVH9,12:33:23,16.3564,1
SVH9,12:36:33,15.2352,5
SVH9,12:37:49,16.6635,2
SVH9,12:40:41,15.0765,1
SVH9,12:40:54,15.3939,2
SVH9,12:41:08,16.1772,1
SVH9,12:41:43,15.3842,1
SVH9,12:41:43,16.6530,8
SVH9,12:41:43,15.5428,1
SVH9,12:41:57,16.1874,1
SVH9,12:42:01,16.1772,2
SVH9,12:42:18,15.7014,2
SVH9,12:42:18,16.1772,7
SVH9,12:43:59,16.3461,1
SVH9,12:44:14,16.0287,12
SVH9,12:44:58,16.3564,1
SVH9,12:45:15,16.5152,1
SVH9,12:45:57,16.1976,4
SVH9,12:45:58,15.7212,9
SVH9,12:45:58,16.5152,1
SVH9,12:45:58,16.5152,23
SVH9,12:45:58,15.5624,1
SVH9,12:45:58,15.0860,25
SVH9,12:45:58,16.1976,20
SVH9,12:45:58,15.0860,53
SVH9,12:45:58,16.5152,5
SVH9,12:45:58,15.0860,7
SVH9,12:45:58,15.0860,313
SVH9,12:47:14,15.0860,187
SVH9,12:47:14,15.5624,10
SVH9,12:47:14,15.0860,8
SVH9,12:47:14,15.4036,21
SVH9,12:47:14,15.5624,3
SVH9,12:47:14,15.0860,331
SVH9,12:48:13,15.7113,2
SVH9,12:49:09,15.2352,4
SVH9,12:51:37,16.3461,1
SVH9,12:52:14,16.3564,1
SVH9,12:52:29,16.5152,1
SVH9,12:52:33,16.5152,19
SVH9,12:52:33,15.7212,81
SVH9,12:52:36,15.2448,1
SVH9,12:55:46,15.2352,1
SVH9,12:55:51,16.5048,3
SVH9,12:57:03,15.7113,24
SVH9,12:57:03,15.5526,19
SVH9,12:57:03,16.1874,22
SVH9,12:58:30,16.0287,15
SVH9,12:59:35,15.5624,165
SVH9,13:01:57,15.5526,13
SVH9,13:05:01,15.2256,3
SVH9,13:05:01,16.3358,7
SVH9,13:05:01,16.6530,3
SVH9,13:05:01,15.7014,6
SVH9,13:05:06,15.8600,1
SVH9,13:05:06,15.5428,20
SVH9,13:05:06,15.2256,20
SVH9,13:05:06,15.5428,2
SVH9,13:05:31,15.5526,1
SVH9,13:06:03,16.0287,2
SVH9,13:07:23,15.5428,1
SVH9,13:09:21,15.0575,25
SVH9,13:09:21,15.5330,1
SVH9,13:09:22,16.6425,1
SVH9,13:09:25,15.6915,20
SVH9,13:09:44,16.6425,10
SVH9,13:09:48,16.4944,2
SVH9,13:14:23,15.3745,1
SVH9,13:18:40,15.7014,75
SVH9,13:20:17,15.2160,5
SVH9,13:20:30,16.6425,1
SVH9,13:21:42,16.1670,10
SVH9,13:22:35,16.4840,1
SVH9,13:23:08,16.6425,7
SVH9,13:23:57,16.0085,2
SVH9,13:27:13,15.2256,2
SVH9,13:27:30,15.5330,1
SVH9,13:27:58,16.1772,10
SVH9,13:28:02,16.6530,4
SVH9,13:28:02,16.1772,1
SVH9,13:28:02,16.6530,1
SVH9,13:28:02,16.0186,75
SVH9,13:28:02,16.6530,2
SVH9,13:28:02,16.1772,1
SVH9,13:28:02,15.5428,10
SVH9,13:28:02,15.0670,9
SVH9,13:29:54,15.7014,1
SVH9,13:34:18,15.2160,2
SVH9,13:38:02,16.1670,20
SVH9,13:38:02,15.0575,47
SVH9,13:38:02,15.2160,38
SVH9,13:38:02,15.3745,7
SVH9,13:38:02,15.5330,2
SVH9,13:38:02,15.0575,1
SVH9,13:38:02,15.8500,1
SVH9,13:38:02,15.5330,3
SVH9,13:38:02,15.0575,4
SVH9,13:38:57,15.6816,2
SVH9,13:38:57,15.6816,50
SVH9,13:38:57,16.6320,29
SVH9,13:38:57,15.0480,5
SVH9,13:38:57,15.0480,25
SVH9,13:38:57,15.6816,10
SVH9,13:38:57,16.3152,23
SVH9,13:38:57,15.6816,4
SVH9,13:38:57,15.6816,1
SVH9,13:38:57,15.6816,1
SVH9,13:38:57,16.1568,2
SVH9,13:40:25,16.1568,2
SVH9,13:41:46,16.1568,8
SVH9,13:41:46,15.6816,10
SVH9,13:41:46,15.9984,80
SVH9,13:41:46,16.6320,7
SVH9,13:43:47,16.0085,1
SVH9,13:44:11,15.8500,1
SVH9,13:44:36,16.6425,1
SVH9,13:44:53,15.5232,1
SVH9,13:44:59,16.1568,1
SVH9,13:47:57,15.2064,20
SVH9,13:48:07,15.5232,1
SVH9,13:49:08,15.3648,2
SVH9,13:49:55,15.9984,1
SVH9,13:51:14,15.5232,23
SVH9,13:51:14,15.3648,47
SVH9,13:54:33,16.1466,9
SVH9,13:54:33,15.0385,1
SVH9,13:54:33,15.3551,2
SVH9,13:54:33,16.1466,4
SVH9,13:54:33,16.4632,1
SVH9,13:54:43,15.5134,7
SVH9,13:54:54,16.4528,6
SVH9,13:54:55,16.6110,6
SVH9,13:55:00,15.0385,6
SVH9,13:55:00,16.6215,7
SVH9,13:56:55,16.4736,1
SVH9,13:59:30,16.4736,7
SVH9,13:59:30,15.8400,81
SVH9,14:06:11,15.6816,500
SVH9,14:06:11,15.3648,68
SVH9,14:06:11,16.6320,432
SVH9,14:07:44,16.1670,3
SVH9,14:07:44,16.4840,1
SVH9,14:07:44,16.1772,1
SVH9,14:08:13,16.1772,7
SVH9,14:08:13,16.6530,53
SVH9,14:08:13,16.6530,23
SVH9,14:08:13,16.1772,217
SVH9,14:08:21,15.6915,1
SVH9,14:08:21,15.5330,2
SVH9,14:08:21,15.2160,1
SVH9,14:08:28,16.4944,20
SVH9,14:08:28,15.5428,15
SVH9,14:08:44,16.0186,1
SVH9,14:08:54,15.3842,2
SVH9,14:08:55,15.2256,5
SVH9,14:10:44,15.5428,5
SVH9,14:11:24,15.2160,1
SVH9,14:11:44,15.7014,1
SVH9,14:11:44,16.1772,1
SVH9,14:11:56,15.2256,2
SVH9,14:16:04,16.6425,9
SVH9,14:16:04,16.6425,12
SVH9,14:16:04,15.6915,17
SVH9,14:16:04,15.3745,8
SVH9,14:16:04,16.6425,1
SVH9,14:18:08,15.5232,1
SVH9,14:18:08,15.8400,10
SVH9,14:18:08,16.6215,1
SVH9,14:18:08,15.6717,1
SVH9,14:18:22,16.3152,2
SVH9,14:19:31,16.6320,5
SVH9,14:19:36,15.9883,7
SVH9,14:19:45,16.1466,1
SVH9,14:19:45,15.1968,2
SVH9,14:19:46,16.4632,2
SVH9,14:19:56,16.6215,3
SVH9,14:20:05,15.8300,2
SVH9,14:20:14,15.5134,15
SVH9,14:20:14,15.8300,10
SVH9,14:20:14,15.0385,23
SVH9,14:20:14,16.1466,7
SVH9,14:20:30,15.1872,3
SVH9,14:20:50,15.3454,1
SVH9,14:20:50,16.2946,5
SVH9,14:20:50,16.6110,1
SVH9,14:20:50,15.8200,2
SVH9,14:20:50,15.5036,1
SVH9,14:20:51,15.9782,9
SVH9,14:20:51,16.2946,1
SVH9,14:20:51,16.6110,6
SVH9,14:20:51,16.2946,4
SVH9,14:20:51,15.1872,10
SVH9,14:20:56,15.9782,9
SVH9,14:20:56,15.6618,1
SVH9,14:21:47,16.2946,1
SVH9,14:21:52,15.1968,2
SVH9,14:22:47,16.4632,21
SVH9,14:22:47,15.9883,129
SVH9,14:22:47,15.9883,350
SVH9,14:23:23,16.4632,2
SVH9,14:30:22,15.6618,1
SVH9,14:30:44,15.9883,1
SVH9,14:31:13,16.3049,1
SVH9,14:32:08,15.1968,1
SVH9,14:32:13,15.5036,1
SVH9,14:32:13,15.1872,5
SVH9,14:32:13,16.2946,2
SVH9,14:32:13,15.8200,2
SVH9,14:32:13,16.2946,2
SVH9,14:32:13,15.5036,1
SVH9,14:33:09,15.9782,140
SVH9,14:33:09,16.1364,1
SVH9,14:36:36,16.1262,10
SVH9,14:36:36,16.4424,1
SVH9,14:36:36,15.0195,5
SVH9,14:36:36,16.1262,1
SVH9,14:36:36,15.3357,7
SVH9,14:36:36,15.8100,2
SVH9,14:36:36,15.3357,7
SVH9,14:36:36,15.0195,10
SVH9,14:36:36,15.6519,71
SVH9,14:36:36,16.6005,136
SVH9,14:36:55,16.4424,1
SVH9,14:37:09,15.9681,1
SVH9,14:37:26,16.4320,1
SVH9,14:37:26,15.0100,10
SVH9,14:37:26,16.5900,1
SVH9,14:37:26,15.0100,1
SVH9,14:37:26,15.0100,4
SVH9,14:37:26,15.3260,2
SVH9,14:37:26,15.1680,7
SVH9,14:37:26,16.1160,6
SVH9,14:37:26,15.1680,10
SVH9,14:37:26,15.3260,2
SVH9,14:37:26,15.1680,1
SVH9,14:37:26,15.0100,23
SVH9,14:37:26,15.4840,9
SVH9,14:37:44,15.4840,3
SVH9,14:40:08,16.2740,100
SVH9,14:42:07,16.1160,32
SVH9,14:42:07,15.4840,12
SVH9,14:42:51,16.1262,1
SVH9,14:45:59,15.8200,8
SVH9,14:45:59,16.1364,13
SVH9,14:46:05,15.3454,8
SVH9,14:47:10,15.8200,7
SVH9,14:47:10,15.3454,9
SVH9,14:47:10,15.3454,24
SVH9,14:47:10,16.6110,2
SVH9,14:48:39,16.6110,14
SVH9,14:49:29,15.1776,1
SVH9,14:49:52,16.2843,1
SVH9,14:50:59,16.2843,1
SVH9,14:50:59,15.3357,3
SVH9,14:50:59,16.2843,2
SVH9,14:50:59,15.8100,6
SVH9,14:51:00,15.9681,1
SVH9,14:51:00,15.1776,2
SVH9,14:51:00,16.1262,2
SVH9,14:52:35,15.8100,3
SVH9,14:54:12,16.1364,3
SVH9,14:54:12,16.2946,17
SVH9,14:54:33,16.4632,3
SVH9,14:55:00,15.1968,3
SVH9,14:55:19,16.6215,1
SVH9,14:56:31,16.6215,4
SVH9,14:56:31,16.1466,22
SVH9,14:56:31,16.6215,14
SVH9,14:56:31,15.5134,1
SVH9,14:56:31,16.3049,24
SVH9,14:56:31,15.9883,4
SVH9,14:56:31,15.6717,2
SVH9,14:56:31,16.4632,1
SVH9,14:56:31,16.1466,4
SVH9,14:56:31,15.6717,4
SVH9,14:56:31,16.3049,420
SVH9,14:57:08,15.1968,3
SVH9,14:58:21,15.5134,4
SVH9,14:58:24,15.9782,3
SVH9,14:58:24,16.1364,3
SVH9,14:58:24,16.1364,1
SVH9,14:58:24,15.5036,2
SVH9,14:59:48,15.0290,25
SVH9,14:59:48,15.8200,25
SVH9,15:00:34,16.2843,3
SVH9,15:01:41,15.5036,10
SVH9,15:01:49,15.6618,1
SVH9,15:01:49,15.5036,1
SVH9,15:01:49,16.1364,1
SVH9,15:01:50,15.1872,1
SVH9,15:01:50,16.1364,1
SVH9,15:01:50,16.6110,1
SVH9,15:01:51,16.1364,1
SVH9,15:01:51,15.6618,1
SVH9,15:03:21,15.8200,1
SVH9,15:03:21,15.3454,10
SVH9,15:05:28,15.0385,21
SVH9,15:05:28,15.6717,54
SVH9,15:05:40,15.8200,8
SVH9,15:05:40,15.1872,8
SVH9,15:05:40,15.5036,1
SVH9,15:06:02,15.6618,1
SVH9,15:08:21,16.4632,1
SVH9,15:08:21,15.0385,1
SVH9,15:09:14,15.2064,1
SVH9,15:09:14,15.0480,1
SVH9,15:09:14,15.6816,13
SVH9,15:10:11,15.2064,2
SVH9,15:11:01,16.1568,6
SVH9,15:12:10,15.9883,1
SVH9,15:13:43,15.8300,1
SVH9,15:13:43,15.3551,2
SVH9,15:16:11,16.4632,1
SVH9,15:16:11,16.4632,1
SVH9,15:16:42,15.8300,10
SVH9,15:25:06,16.6215,10
SVH9,15:25:55,15.6717,1
SVH9,15:28:25,15.0575,38
SVH9,15:30:46,15.6816,2
SVH9,15:31:41,15.6816,8
SVH9,15:37:23,15.8400,1
SVH9,15:40:12,16.6320,6
SVH9,15:42:43,15.3745,8
SVH9,15:42:43,16.4840,2
SVH9,15:42:43,16.4840,1
SVH9,15:42:43,15.2160,1
SVH9,15:42:43,15.3745,1
SVH9,15:42:43,15.3745,1
SVH9,15:43:37,16.1568,1
SVH9,15:44:57,15.0480,1
SVH9,15:46:16,16.4840,17
SVH9,15:50:21,16.0085,17
SVH9,15:51:22,16.0085,5
SVH9,15:53:57,16.1772,1
SVH9,15:53:57,15.3842,2
SVH9,15:53:57,16.6530,1
SVH9,15:53:57,16.6530,3
SVH9,15:53:57,15.3842,7
SVH9,15:53:57,15.3939,7
SVH9,15:53:57,15.7113,18
SVH9,15:53:57,15.3939,2
SVH9,15:53:57,15.7113,3
SVH9,15:53:57,16.6635,9
SVH9,15:54:16,16.3358,1
SVH9,15:54:26,15.8600,1
SVH9,15:54:33,16.6530,1
SVH9,15:55:39,15.8600,1
SVH9,15:55:39,16.1772,9
SVH9,15:57:17,15.0670,4
SVH9,15:57:30,16.0287,1
SVH9,15:57:52,15.3939,1
SVH9,15:57:52,16.3461,16
SVH9,15:57:54,16.5048,1
SVH9,15:58:37,15.0670,113
SVH9,15:58:37,16.1772,17
SVH9,15:58:37,15.8600,4
SVH9,15:58:37,16.1772,7
SVH9,15:58:37,15.8600,1
SVH9,15:58:37,16.6530,7
SVH9,15:58:37,16.0186,2
SVH9,15:58:48,15.8600,1
SVH9,15:59:24,15.3745,1
SVH9,16:00:55,16.6425,14
SVH9,16:03:43,16.5048,2
SVH9,16:03:43,16.6635,1
SVH9,16:03:43,16.0287,2
SVH9,16:07:18,15.2448,1
SVH9,16:07:19,16.5152,9
SVH9,16:07:19,15.2448,3
SVH9,16:07:19,15.4036,1
SVH9,16:07:29,15.8800,1
SVH9,16:07:39,15.8600,1
SVH9,16:07:39,15.4036,1
SVH9,16:07:49,15.7212,1
SVH9,16:08:34,16.1976,2
SVH9,16:09:30,15.0860,2
SVH9,16:09:35,15.0765,5
SVH9,16:10:18,16.3564,19
SVH9,16:10:18,15.2448,1
SVH9,16:10:18,16.5152,6
SVH9,16:10:18,16.6740,2
SVH9,16:10:18,15.4036,32
SVH9,16:10:56,15.4036,1
SVH9,16:11:10,15.8800,5
SVH9,16:11:10,16.5152,15
SVH9,16:11:10,16.6740,7
SVH9,16:11:15,16.3564,1
SVH9,16:11:26,15.0955,1
SVH9,16:11:41,16.1976,1
SVH9,16:11:44,15.7212,1
SVH9,16:11:48,16.5256,1
SVH9,16:12:19,16.3461,20
SVH9,16:12:19,16.0287,30
SVH9,16:12:44,16.5048,1
SVH9,16:12:50,15.2352,1
SVH9,16:13:37,15.7113,1
SVH9,16:14:06,15.2352,4
SVH9,16:14:07,15.7113,1
SVH9,16:14:14,16.3461,2
SVH9,16:15:56,15.3939,1
SVH9,16:16:41,16.1874,50
SVH9,16:16:47,15.7212,5
SVH9,16:16:54,15.8700,1
SVH9,16:17:16,16.5048,5
SVH9,16:20:05,15.2352,1
SVH9,16:21:45,15.7014,2
SVH9,16:21:46,15.5428,1
SVH9,16:24:10,15.3842,72
SVH9,16:24:10,16.1772,3
SVH9,16:25:24,16.3461,1
SVH9,16:25:43,15.2256,1
SVH9,16:26:14,15.3939,20
SVH9,16:29:20,15.0765,1
SVH9,16:30:18,16.3564,1
SVH9,16:30:33,15.4036,1
SVH9,16:32:26,16.1874,1
SVH9,16:32:49,16.3358,1
SVH9,16:32:49,15.7014,4
SVH9,16:32:49,15.5428,1
SVH9,16:33:02,15.2256,1
SVH9,16:33:25,16.0085,1
SVH9,16:33:25,16.3255,6
SVH9,16:33:25,16.4840,1
SVH9,16:33:25,15.0575,6
SVH9,16:33:25,16.0085,7
SVH9,16:33:25,15.3745,1
SVH9,16:33:25,15.5330,7
SVH9,16:33:25,16.3255,7
SVH9,16:33:25,16.3255,26
SVH9,16:33:25,16.0085,23
SVH9,16:33:25,15.5330,8
SVH9,16:33:25,16.1670,4
SVH9,16:33:41,15.2064,4
SVH9,16:33:42,16.6320,1
SVH9,16:33:44,15.9984,5
SVH9,16:33:44,15.0480,1
SVH9,16:33:44,16.6320,2
SVH9,16:33:44,16.4736,8
SVH9,16:33:44,15.6816,10
SVH9,16:34:08,16.1466,1
SVH9,16:34:16,15.3551,1
SVH9,16:34:16,15.9883,2
SVH9,16:34:23,15.0385,2
SVH9,16:34:25,16.4736,5
SVH9,16:34:27,15.9984,6
SVH9,16:34:28,16.3152,4
SVH9,16:34:28,15.6816,5
SVH9,16:34:41,15.2064,7
SVH9,16:34:41,15.9984,43
SVH9,16:34:41,15.0480,13
SVH9,16:34:41,15.6816,21
SVH9,16:34:41,16.6320,39
SVH9,16:34:43,15.8300,1
SVH9,16:34:52,15.0385,5
SVH9,16:34:52,16.4632,1
SVH9,16:35:06,16.1466,1
SVH9,16:35:58,15.6816,2
SVH9,16:36:13,16.3049,1
SVH9,16:37:24,15.8300,2
SVH9,16:38:57,16.1568,8
SVH9,16:39:07,15.6816,1
SVH9,16:39:53,16.4632,1
SVH9,16:40:21,15.8400,8
SVH9,16:40:21,15.9984,15
SVH9,16:41:12,15.5134,1
SVH9,16:41:24,16.1466,2
SVH9,16:41:24,16.3049,2
SVH9,16:41:47,16.1364,1
SVH9,16:42:02,16.6110,8
SVH9,16:42:05,15.3454,1
SVH9,16:42:05,16.6110,1
SVH9,16:42:05,15.1872,9
SVH9,16:42:05,15.5036,2
SVH9,16:42:05,16.2946,3
SVH9,16:42:05,15.5036,13
SVH9,16:42:05,15.3454,1
SVH9,16:42:05,16.2946,7
SVH9,16:48:28,16.1262,2
SVH9,16:48:29,16.2843,21
SVH9,16:48:29,15.3357,3
SVH9,16:48:46,15.6618,1
SVH9,16:52:42,15.5036,1
SVH9,16:53:35,15.5134,100
SVH9,16:55:31,16.1466,23
SVH9,16:55:32,15.6717,1
SVH9,16:55:33,16.4632,1
SVH9,16:55:33,16.3049,3
SVH9,16:55:33,15.3551,2
SVH9,16:55:33,16.1466,1
SVH9,16:55:33,15.0385,4
SVH9,16:55:33,16.1466,65
SVH9,16:55:51,15.6618,9
SVH9,16:55:51,16.1364,15
SVH9,16:55:51,15.1872,4
SVH9,16:56:48,15.2064,1
SVH9,16:58:24,15.5134,1
SVH9,16:59:02,15.9984,1
SVH9,16:59:10,15.1872,1
SVH9,17:00:01,15.6717,1
SVH9,17:00:35,15.2064,1
SVH9,17:00:35,15.3648,14
SVH9,17:00:35,15.2064,1
SVH9,17:01:26,15.5232,1
SVH9,17:02:00,15.2064,1
SVH9,17:02:41,15.9883,1
SVH9,17:03:34,15.6717,8
SVH9,17:03:34,15.9883,12
SVH9,17:03:58,16.1466,2
SVH9,17:04:00,15.0385,1
SVH9,17:04:38,16.4632,1
SVH9,17:06:10,15.5134,4
SVH9,17:06:49,15.6618,1
SVH9,17:08:56,15.3551,1
SVH9,17:10:25,15.5134,2
SVH9,17:11:44,15.2064,16
SVH9,17:12:27,15.0480,1
SVH9,17:14:42,16.4632,100
SVH9,17:15:15,16.3049,16
SVH9,17:15:46,15.8200,4
SVH9,17:15:46,16.6110,16
SVH9,17:15:46,15.1872,23
SVH9,17:15:46,16.2946,16
SVH9,17:15:46,16.2946,1
SVH9,17:16:07,16.3049,2
SVH9,17:16:25,15.5232,2
SVH9,17:17:47,15.5134,20
SVH9,17:17:53,15.5232,1
SVH9,17:17:53,15.9984,8
SVH9,17:18:42,16.0085,23
SVH9,17:18:42,15.5330,97
SVH9,17:18:42,15.0575,4
SVH9,17:18:43,16.0085,44
SVH9,17:18:43,15.0575,16
SVH9,17:19:28,16.6215,2
SVH9,17:19:54,16.1466,1
SVH9,17:19:54,15.6717,1
SVH9,17:20:13,16.3255,10
SVH9,17:20:13,15.5330,4
SVH9,17:20:27,16.1670,1
SVH9,17:20:50,15.2064,5
SVH9,17:21:06,15.5428,22
SVH9,17:21:06,16.6530,28
SVH9,17:21:37,15.2160,18
SVH9,17:21:37,15.2160,2
SVH9,17:22:04,15.0480,1
SVH9,17:22:04,16.1568,3
SVH9,17:22:04,16.6320,2
SVH9,17:22:04,15.2064,4
SVH9,17:22:07,16.4736,8
SVH9,17:22:07,16.1568,13
SVH9,17:22:07,15.5232,15
SVH9,17:22:07,15.0480,18
SVH9,17:27:38,16.1568,1
SVH9,17:27:38,15.5232,50
SVH9,17:27:38,16.3152,9
SVH9,17:32:05,16.0085,2
SVH9,17:33:26,16.6530,2
SVH9,17:33:26,15.2256,10
SVH9,17:33:26,16.0186,1
SVH9,17:33:26,16.3358,1
SVH9,17:33:26,16.3358,1
SVH9,17:33:26,15.8600,6
SVH9,17:33:26,15.0670,2
SVH9,17:33:26,16.1772,7
SVH9,17:33:27,15.2352,1
SVH9,17:33:27,15.7113,10
SVH9,17:33:27,16.3461,20
SVH9,17:33:27,16.0287,1
SVH9,17:33:27,16.0287,3
SVH9,17:33:27,16.3564,16
SVH9,17:33:27,15.4036,9
SVH9,17:33:27,16.0388,1
SVH9,17:33:28,16.5048,48
SVH9,17:34:38,16.6530,3
SVH9,17:34:39,16.3461,1
SVH9,17:35:12,16.3358,8
SVH9,17:35:15,16.0186,3
SVH9,17:35:15,15.8600,1
SVH9,17:35:15,15.7014,5
SVH9,17:36:00,16.6635,2
SVH9,17:36:04,15.7113,8
SVH9,17:36:11,16.1976,1
SVH9,17:36:18,16.3461,1
SVH9,17:36:18,16.0287,8
SVH9,17:36:18,16.5048,8
SVH9,17:37:54,15.6915,11
SVH9,17:38:44,16.3255,20
SVH9,17:38:44,16.4840,10
SVH9,17:38:44,16.1670,5
SVH9,17:38:44,16.0085,9
SVH9,17:38:44,16.6425,1
SVH9,17:39:32,16.4840,5
SVH9,17:39:35,15.2064,5
SVH9,17:39:35,15.3648,1
SVH9,17:40:23,15.5428,155
SVH9,17:40:23,15.7014,23
SVH9,17:40:23,16.4944,72
SVH9,17:41:13,16.6320,5
SVH9,17:43:00,15.5428,2
SVH9,17:43:30,16.4944,1
SVH9,17:43:38,16.3358,1
SVH9,17:43:39,16.1772,1
SVH9,17:45:15,16.6530,5
SVH9,17:45:17,15.8600,16
SVH9,17:45:17,15.7014,51
SVH9,17:46:09,16.6635,20
SVH9,17:47:05,15.3939,8
SVH9,17:47:05,16.1874,1
SVH9,17:48:22,16.6635,20
SVH9,17:48:40,16.1874,20
SVH9,17:49:33,15.2352,1
SVH9,17:51:53,15.8700,6
SVH9,17:51:53,15.0765,8
SVH9,17:54:05,15.7113,2
SVH9,17:54:05,16.0287,8
SVH9,17:56:20,15.5526,17
SVH9,17:58:47,15.0860,20
SVH9,17:58:47,16.0388,10
SVH9,17:58:47,16.1976,1
SVH9,17:58:47,16.3564,1
SVH9,17:59:43,15.8900,1
SVH9,17:59:43,16.6845,1
SVH9,17:59:43,16.6845,4
SVH9,17:59:43,15.8900,4
SVH9,17:59:43,15.5722,1
SVH9,17:59:56,16.0489,3
SVH9,18:00:00,16.5152,1
SVH9,18:00:08,15.4036,17
SVH9,18:00:11,16.0388,3
SVH9,18:00:19,15.2544,2
SVH9,18:00:19,16.3667,5
SVH9,18:00:19,16.0489,1
SVH9,18:00:19,16.6845,2
SVH9,18:00:19,16.6845,4
SVH9,18:00:20,16.6845,1
SVH9,18:01:07,15.4036,62
SVH9,18:01:10,15.2544,5
SVH9,18:01:19,15.0860,1
SVH9,18:01:45,15.8900,2
SVH9,18:01:45,15.2544,1
SVH9,18:01:53,16.6740,1
SVH9,18:01:53,16.2078,2
SVH9,18:02:07,15.5624,4
SVH9,18:02:15,16.1976,1
SVH9,18:04:00,16.3667,20
SVH9,18:04:00,15.8900,20
SVH9,18:04:53,16.2078,1
SVH9,18:04:53,15.0955,107
SVH9,18:05:34,16.0489,1
SVH9,18:05:41,16.6740,5
SVH9,18:05:47,15.4036,1
SVH9,18:05:53,15.7311,500
SVH9,18:05:56,15.7311,8
SVH9,18:05:56,16.6845,3
SVH9,18:09:29,15.4133,16
SVH9,18:09:47,16.2078,1
SVH9,18:09:50,16.3667,1
SVH9,18:10:01,15.0955,1
SVH9,18:10:03,15.4133,2
SVH9,18:10:10,16.5360,1
SVH9,18:10:10,15.9000,1
SVH9,18:10:11,16.0590,2
SVH9,18:10:11,15.9000,1
SVH9,18:10:11,15.5820,1
SVH9,18:10:11,16.6950,1
SVH9,18:10:11,16.5360,1
SVH9,18:10:11,15.9000,2
SVH9,18:10:27,15.9000,1
SVH9,18:10:28,15.1050,1
SVH9,18:10:35,15.8900,1
SVH9,18:10:35,16.6845,10
SVH9,18:10:36,16.6845,1
SVH9,18:12:55,15.0955,1
SVH9,18:13:24,15.8900,1
SVH9,18:13:50,15.5820,1
SVH9,18:13:50,15.1050,2
SVH9,18:13:50,16.6950,1
SVH9,18:13:50,15.4230,16
SVH9,18:13:52,15.4230,3
SVH9,18:13:52,16.0590,1
SVH9,18:13:52,16.2180,21
SVH9,18:13:56,15.4230,7
SVH9,18:13:58,16.6950,20
SVH9,18:14:00,15.1050,1
SVH9,18:14:01,16.0590,1
SVH9,18:14:01,16.0590,1
SVH9,18:14:01,15.1050,1
SVH9,18:14:01,15.5820,3
SVH9,18:14:01,15.1050,15
SVH9,18:14:01,15.2640,4
SVH9,18:14:01,15.1050,1
SVH9,18:14:01,15.1050,1
SVH9,18:14:01,15.9000,1
SVH9,18:14:21,15.2544,1
SVH9,18:14:37,16.2180,1
SVH9,18:14:49,16.0590,5
SVH9,18:14:52,16.5464,1
SVH9,18:14:53,15.2736,1
SVH9,18:14:53,16.2282,1
SVH9,18:14:53,15.2736,2
SVH9,18:15:39,15.4327,16
SVH9,18:15:39,15.9100,1
SVH9,18:15:39,15.7509,3
SVH9,18:15:39,15.1050,1
SVH9,18:15:50,16.0691,9
SVH9,18:15:50,15.5918,1
SVH9,18:15:50,16.7055,10
SVH9,18:15:55,15.7509,7
SVH9,18:15:55,16.7055,1
SVH9,18:15:55,15.2736,6
SVH9,18:15:55,15.4327,1
SVH9,18:15:55,16.0691,1
SVH9,18:15:55,15.2736,1
SVH9,18:15:55,15.7509,1
SVH9,18:16:28,15.7608,1
SVH9,18:16:28,16.7160,1
SVH9,18:16:28,15.4424,1
SVH9,18:16:28,16.0792,19
SVH9,18:16:28,16.5568,5
SVH9,18:16:28,15.9200,1
SVH9,18:16:28,16.3976,10
SVH9,18:16:28,15.1240,23
SVH9,18:16:28,15.1240,2
SVH9,18:16:29,15.6016,1
SVH9,18:16:29,15.2832,1
SVH9,18:16:29,16.2384,1
SVH9,18:16:47,16.2384,2
SVH9,18:16:58,16.0792,4
SVH9,18:16:58,15.4424,2
SVH9,18:16:58,15.9200,44
SVH9,18:17:52,15.2832,6
SVH9,18:18:09,15.7608,1
SVH9,18:18:09,16.5568,1
SVH9,18:18:10,16.0792,100
SVH9,18:18:10,15.6016,18
SVH9,18:18:40,15.6016,10
SVH9,18:18:40,15.7608,8
SVH9,18:19:38,16.7160,1
SVH9,18:19:45,15.7707,1
SVH9,18:19:45,16.5672,1
SVH9,18:19:45,15.9300,5
SVH9,18:19:45,16.7265,1
SVH9,18:19:45,15.1335,10
SVH9,18:19:45,16.4079,1
SVH9,18:19:45,16.4182,2
SVH9,18:19:45,16.7370,1
SVH9,18:19:45,16.5776,5
SVH9,18:19:46,16.2588,15
SVH9,18:19:46,16.5776,8
SVH9,18:19:46,16.5776,23
SVH9,18:19:46,15.6212,1
SVH9,18:19:46,15.1430,25
SVH9,18:19:46,16.4182,53
SVH9,18:19:46,15.1430,7
SVH9,18:19:46,15.4618,18
SVH9,18:19:46,16.4182,1
SVH9,18:19:47,15.3024,1
SVH9,18:19:59,15.6114,2
SVH9,18:20:01,16.0893,6
SVH9,18:20:01,16.0893,6
SVH9,18:20:02,16.5672,1
SVH9,18:20:04,15.2928,3
SVH9,18:20:08,16.7370,2
SVH9,18:20:11,16.2486,1
SVH9,18:20:16,15.6212,5
SVH9,18:20:20,16.5672,130
SVH9,18:20:28,15.1240,1
SVH9,18:20:34,16.7160,5
SVH9,18:21:06,15.1240,1
SVH9,18:21:18,15.2832,1
SVH9,18:21:22,16.7160,16
SVH9,18:22:14,16.0792,2
SVH9,18:23:06,15.2832,25
SVH9,18:23:06,16.7160,14
SVH9,18:23:06,15.1240,120
SVH9,18:23:06,16.0792,1
SVH9,18:23:06,16.0792,20
SVH9,18:23:06,15.1240,1
SVH9,18:23:50,15.2832,1
SVH9,18:24:32,16.5672,1
SVH9,18:25:36,15.9300,4
SVH9,18:26:06,16.5672,4
SVH9,18:27:10,15.7707,1
SVH9,18:27:10,15.4521,9
SVH9,18:27:29,16.7265,1
SVH9,18:27:29,16.5672,99
SVH9,18:28:00,16.0792,24
SVH9,18:28:28,15.1240,1
SVH9,18:28:36,16.3976,1
SVH9,18:28:44,15.4327,74
SVH9,18:29:08,16.3873,1
SVH9,18:29:16,15.2832,1
SVH9,18:29:33,15.7509,199
SVH9,18:29:33,15.1145,1
SVH9,18:30:17,15.5918,5
SVH9,18:30:17,15.2736,1
SVH9,18:30:28,15.4327,25
SVH9,18:30:30,15.7509,5
SVH9,18:30:47,15.4327,50
SVH9,18:30:50,15.1050,2
SVH9,18:30:50,16.5360,8
SVH9,18:30:58,16.0691,14
SVH9,18:30:58,15.1145,10
SVH9,18:30:58,15.1145,25
SVH9,18:31:20,16.3976,8
SVH9,18:31:22,15.6016,5
SVH9,18:32:05,16.3976,6
SVH9,18:32:46,16.5672,10
SVH9,18:32:46,16.7265,17
SVH9,18:32:46,15.7707,10
SVH9,18:34:27,16.5672,1
SVH9,18:34:27,15.2928,1
SVH9,18:35:31,15.1430,5
SVH9,18:35:31,16.7370,1
SVH9,18:35:31,16.2588,11
SVH9,18:35:45,15.4618,10
SVH9,18:36:03,15.1430,9
SVH9,18:36:19,15.4618,1
SVH9,18:36:21,16.5776,2
SVH9,18:36:36,16.4182,1
SVH9,18:36:36,16.4182,7
SVH9,18:36:36,16.4182,3
SVH9,18:36:36,16.2588,10
SVH9,18:36:47,15.9400,1
SVH9,18:36:48,15.3024,1
SVH9,18:36:56,15.9500,1
SVH9,18:36:57,15.1525,7
SVH9,18:37:22,16.1095,3
SVH9,18:38:20,15.1430,15
SVH9,18:38:20,16.4182,77
SVH9,18:38:20,15.3024,25
SVH9,18:38:20,15.9400,7
SVH9,18:38:53,15.3024,10
SVH9,18:39:19,16.2486,5
SVH9,18:39:19,15.1430,1
SVH9,18:40:08,16.2486,6
SVH9,18:40:08,15.7707,19
SVH9,18:40:16,15.6212,8
SVH9,18:40:34,15.4618,1
SVH9,18:40:34,15.3024,2
SVH9,18:40:34,16.2588,4
SVH9,18:40:34,15.9400,19
SVH9,18:40:34,16.7370,100
SVH9,18:40:39,15.6114,2
SVH9,18:40:41,15.9300,1
SVH9,18:40:50,16.2486,3
SVH9,18:41:39,15.3024,6
SVH9,18:41:40,16.7370,14
SVH9,18:41:40,15.7806,5
SVH9,18:41:40,15.3024,6
SVH9,18:41:40,16.5776,4
SVH9,18:41:40,15.4618,89
SVH9,18:41:59,15.2928,4
SVH9,18:43:16,16.7370,5
SVH9,18:43:16,15.4618,2
SVH9,18:43:40,16.4079,1
SVH9,18:43:58,15.4618,1
SVH9,18:44:02,15.3024,2
SVH9,18:44:18,15.6212,8
SVH9,18:44:30,16.0994,141
SVH9,18:44:31,15.7707,1
SVH9,18:44:31,15.1335,7
SVH9,19:00:02,15.3024,25
SVH9,19:00:02,16.7475,39
SVH9,19:00:02,16.7475,3
SVH9,19:00:02,16.1095,2
SVH9,19:00:02,15.1525,1
SVH9,19:00:02,16.5880,20
SVH9,19:00:02,16.7475,2
SVH9,19:00:02,16.4285,5
SVH9,19:00:02,15.6310,2
SVH9,19:00:02,15.7905,25
SVH9,19:00:02,15.9500,25
SVH9,19:01:04,16.4285,21
SVH9,19:01:10,15.1525,4
SVH9,19:01:10,15.7905,1
SVH9,19:01:21,15.9500,1
SVH9,19:01:21,15.4715,4
SVH9,19:01:21,16.2690,7
SVH9,19:01:21,16.1095,17
SVH9,19:01:21,15.6310,1
SVH9,19:01:21,16.4285,7
SVH9,19:01:21,15.4715,8
SVH9,19:01:21,16.1095,1
SVH9,19:01:22,15.6310,3
SVH9,19:01:33,15.1525,1
SVH9,19:02:02,16.0994,1
SVH9,19:02:02,15.6212,1
SVH9,19:02:12,16.2588,1
SVH9,19:03:13,16.2486,3
SVH9,19:04:09,15.7707,22
SVH9,19:04:09,15.2928,70
SVH9,19:04:09,15.6114,8
SVH9,19:04:09,16.7265,7
SVH9,19:05:02,15.6212,10
SVH9,19:05:02,16.7370,15
SVH9,19:05:02,16.0994,25
SVH9,19:05:24,15.7806,5
SVH9,19:05:27,16.0994,5
SVH9,19:05:54,16.7475,3
SVH9,19:06:59,15.7905,5
SVH9,19:06:59,16.7475,2
SVH9,19:06:59,15.7905,3
SVH9,19:07:32,16.7475,1
SVH9,19:07:58,15.6310,1
SVH9,19:07:58,16.1095,200
SVH9,19:07:58,16.1095,10
SVH9,19:08:44,15.8004,11
SVH9,19:08:44,16.2792,2
SVH9,19:08:44,16.2792,12
SVH9,19:08:44,15.1620,10
SVH9,19:08:44,16.7580,1
SVH9,19:08:44,16.1196,5
SVH9,19:08:44,15.6408,1
SVH9,19:08:44,15.8004,8
SVH9,19:08:44,15.8004,1
SVH9,19:08:45,16.5984,3
SVH9,19:08:45,15.8004,1
SVH9,19:08:45,15.3216,1
SVH9,19:08:45,16.5984,1
SVH9,19:09:02,16.7475,1
SVH9,19:09:20,16.5880,57
SVH9,19:09:20,15.3120,20
SVH9,19:09:20,16.2690,35
SVH9,19:09:20,15.3120,2
SVH9,19:09:20,15.3120,23
SVH9,19:09:20,15.9500,2
SVH9,19:09:20,15.6310,3
SVH9,19:09:20,16.7475,2
SVH9,19:09:20,15.6310,2
SVH9,19:09:20,16.1095,3
SVH9,19:09:20,15.7905,3
SVH9,19:09:20,16.5880,2
SVH9,19:09:20,16.2690,53
SVH9,19:09:20,16.2690,3
SVH9,19:09:20,16.2690,3
SVH9,19:09:20,16.2690,3
SVH9,19:09:20,15.7905,4
SVH9,19:09:20,15.1620,1
SVH9,19:09:28,15.4812,1
SVH9,19:09:44,15.1620,7
SVH9,19:09:44,16.1196,1
SVH9,19:09:44,15.4812,1
SVH9,19:09:44,16.7580,1
SVH9,19:09:44,16.2792,15
SVH9,19:09:44,16.2792,13
SVH9,19:09:44,16.1196,13
SVH9,19:09:44,16.5984,13
SVH9,19:09:44,15.4812,13
SVH9,19:09:44,15.4812,3
SVH9,19:09:44,15.8004,1
SVH9,19:09:54,15.8004,24
SVH9,19:09:54,15.9600,35
SVH9,19:09:54,16.1196,11
SVH9,19:09:54,16.5984,110
SVH9,19:09:54,15.3216,14
SVH9,19:09:54,15.8004,9
SVH9,19:09:54,15.4812,36
SVH9,19:09:54,15.1620,1
SVH9,19:09:55,15.6408,19
SVH9,19:09:56,15.1620,110
SVH9,19:10:08,15.1620,1
SVH9,19:10:15,16.1196,1
SVH9,19:11:03,15.8004,6
SVH9,19:11:05,16.2792,11
SVH9,19:11:05,15.4812,4
SVH9,19:11:05,15.3216,1
SVH9,19:12:20,16.5984,6
SVH9,19:12:34,15.7905,12
SVH9,19:12:36,15.6408,22
SVH9,19:12:36,15.1620,46
SVH9,19:13:03,15.4812,3
SVH9,19:13:04,16.5984,6
SVH9,19:13:26,15.3216,20
SVH9,19:14:40,16.5984,7
SVH9,19:14:40,16.4388,90
SVH9,19:14:40,16.1196,53
SVH9,19:14:41,15.7905,11
SVH9,19:14:41,15.1525,29
SVH9,19:14:41,16.5880,63
SVH9,19:14:41,16.5880,24
SVH9,19:14:41,15.1525,17
SVH9,19:14:41,15.4715,6
SVH9,19:14:51,15.4812,6
SVH9,19:15:00,16.2690,2
SVH9,19:15:04,15.1430,1
SVH9,19:15:04,16.0994,7
SVH9,19:15:04,16.0994,9
SVH9,19:15:29,16.7475,3
SVH9,19:15:29,16.4285,59
SVH9,19:16:04,16.2588,1
SVH9,19:16:38,15.4812,1
SVH9,19:16:51,15.6408,6
SVH9,19:17:01,16.2792,1
SVH9,19:17:37,15.3120,1
SVH9,19:17:37,16.7475,1
SVH9,19:18:13,15.4618,5
SVH9,19:18:29,15.9400,1
SVH9,19:18:37,16.2588,3
SVH9,19:19:43,16.5880,1
SVH9,19:19:48,15.3120,1
SVH9,19:23:38,15.3216,1
SVH9,19:24:29,15.6310,5
SVH9,19:24:29,16.2690,2
SVH9,19:24:29,15.9500,21
SVH9,19:27:45,15.4618,1
SVH9,19:27:45,15.7806,1
SVH9,19:28:51,16.0893,2
SVH9,19:28:51,16.7370,12
SVH9,19:28:51,16.4079,1
SVH9,19:29:21,15.7806,23
SVH9,19:29:21,15.9400,45
SVH9,19:29:47,16.4285,2
SVH9,19:30:00,16.5880,10
SVH9,19:30:02,16.2690,6
SVH9,19:30:02,15.4715,1
SVH9,19:30:02,15.4715,15
SVH9,19:30:02,15.3120,17
SVH9,19:30:02,15.3120,23
SVH9,19:30:02,15.9500,15
SVH9,19:30:02,15.9500,15
SVH9,19:30:02,16.2792,8
SVH9,19:30:02,15.8004,38
SVH9,19:30:02,15.9600,72
SVH9,19:30:02,15.6408,4
SVH9,19:30:04,15.6310,17
SVH9,19:30:06,16.5880,67
SVH9,19:30:06,15.9500,1
SVH9,19:30:06,16.7580,10
SVH9,19:30:06,15.9600,13
SVH9,19:30:06,15.9600,4
SVH9,19:30:06,16.5984,1
SVH9,19:30:06,15.9600,7
SVH9,19:30:06,16.2792,40
SVH9,19:30:06,16.4388,3
SVH9,19:30:06,15.3216,3
SVH9,19:30:06,15.4812,10
SVH9,19:30:06,15.3216,25
SVH9,19:30:06,15.3216,4
SVH9,19:30:06,15.9600,69
SVH9,19:30:09,16.4388,355
SVH9,19:30:13,16.2690,3
SVH9,19:30:18,15.1525,6
SVH9,19:30:18,15.4715,1
SVH9,19:30:50,16.4285,4
SVH9,19:31:31,15.6310,6
SVH9,19:31:31,16.7475,16
SVH9,19:31:31,16.1095,23
SVH9,19:31:31,15.3120,16
SVH9,19:31:31,16.2690,49
SVH9,19:31:31,15.9500,1
SVH9,19:32:24,16.5880,17
SVH9,19:32:39,16.0994,9
SVH9,19:32:55,15.4618,1
SVH9,19:34:13,15.9500,1
SVH9,19:35:57,15.6310,2
SVH9,19:36:32,16.2690,1
SVH9,19:38:48,16.2792,1
SVH9,19:38:48,15.6408,4
SVH9,19:38:48,16.5984,15
SVH9,19:38:48,15.9600,14
SVH9,19:39:09,16.7475,10
SVH9,19:39:23,15.7905,23
SVH9,19:39:23,15.9500,7
SVH9,19:39:25,16.7475,4
SVH9,19:39:56,16.5880,1
SVH9,19:39:56,15.9500,2
SVH9,19:40:46,16.4182,4
SVH9,19:40:53,16.1095,22
SVH9,19:43:12,15.1620,3
SVH9,19:44:26,15.6408,1
SVH9,19:44:38,15.3216,1
SVH9,19:46:52,15.1525,5
SVH9,19:48:57,16.7580,10
SVH9,19:49:16,16.1196,1
SVH9,19:49:57,16.2792,1
SVH9,19:50:09,15.1620,1
SVH9,19:50:26,16.4388,1
SVH9,19:50:53,16.2792,2
SVH9,19:51:01,15.6408,2
SVH9,19:51:26,16.2792,5
SVH9,19:51:56,16.7580,37
SVH9,19:51:56,15.8004,20
SVH9,19:51:56,16.7580,4
SVH9,19:51:56,15.9600,17
SVH9,19:51:57,15.6506,1
SVH9,19:51:58,15.1715,3
SVH9,19:51:58,16.2894,1
SVH9,19:51:58,15.6506,3
SVH9,19:51:58,15.4909,3
SVH9,19:51:58,15.8103,2
SVH9,19:51:58,15.8103,2
SVH9,19:51:58,15.4909,3
SVH9,19:51:58,15.3312,7
SVH9,19:54:08,16.1297,5
SVH9,19:55:23,15.8103,10
SVH9,19:55:23,15.3312,1
SVH9,19:55:23,16.2894,1
SVH9,19:55:23,16.4491,15
SVH9,19:55:23,16.4491,19
SVH9,19:55:23,15.1715,16
SVH9,19:55:23,15.8103,8
SVH9,19:55:23,15.3312,7
SVH9,19:55:23,16.7685,10
SVH9,19:55:23,15.4909,33
SVH9,19:55:23,16.1297,7
SVH9,19:55:37,15.1715,3
SVH9,19:57:04,15.6408,23
SVH9,19:57:04,16.5984,27
SVH9,19:59:38,16.6088,7
SVH9,20:00:09,16.6088,1
SVH9,20:00:16,15.3312,1
SVH9,20:00:30,16.7685,1
SVH9,20:00:43,16.6088,14
SVH9,20:01:10,15.8103,3
SVH9,20:02:12,15.4812,1
SVH9,20:02:38,16.2792,3
SVH9,20:05:09,16.1196,5
SVH9,20:05:43,15.6408,8
SVH9,20:10:58,15.5006,3
SVH9,20:10:58,15.9800,2
SVH9,20:10:58,16.7790,1
SVH9,20:10:58,16.4594,2
SVH9,20:10:58,16.6192,92
SVH9,20:12:06,16.2996,8
SVH9,20:17:20,15.8202,8
SVH9,20:17:20,15.6604,13
SVH9,20:17:20,16.2996,29
SVH9,20:17:20,15.5006,3
SVH9,20:17:20,15.3408,19
SVH9,20:17:20,16.6192,3
SVH9,20:17:20,16.2996,1
SVH9,20:17:20,15.8202,2
SVH9,20:17:20,16.1398,33
SVH9,20:17:20,16.2996,7
SVH9,20:17:20,15.1810,6
SVH9,20:17:20,15.9800,38
SVH9,20:17:20,15.1810,14
SVH9,20:17:20,15.3312,3
SVH9,20:17:30,16.1398,1
SVH9,20:17:41,16.6192,10
SVH9,20:17:41,15.8202,40
SVH9,20:19:15,15.5103,1
SVH9,20:19:15,16.3098,2
SVH9,20:19:15,16.6296,1
SVH9,20:19:15,15.5103,3
SVH9,20:19:16,15.8301,1
SVH9,20:19:16,16.3098,1
SVH9,20:19:29,16.6296,1
SVH9,20:19:29,16.1499,1
SVH9,20:19:29,15.8301,10
SVH9,20:19:29,16.3098,7
SVH9,20:19:29,15.6702,1
SVH9,20:19:29,16.7895,10
SVH9,20:19:29,16.7895,3
SVH9,20:20:50,15.8301,7
SVH9,20:20:50,16.1499,12
SVH9,20:20:50,16.6296,2
SVH9,20:20:50,15.8301,2
SVH9,20:20:50,15.6702,2
SVH9,20:21:01,15.8301,18
SVH9,20:21:01,16.6296,10
SVH9,20:21:01,16.4697,1
SVH9,20:21:01,15.3504,1
SVH9,20:21:01,16.6296,6
SVH9,20:22:15,15.5006,1
SVH9,20:23:03,16.1398,2
SVH9,20:27:58,16.7790,2
SVH9,20:27:58,16.7790,15
SVH9,20:29:10,16.1600,1
SVH9,20:29:11,16.4800,1
SVH9,20:29:11,16.1600,1
SVH9,20:29:11,15.2000,1
SVH9,20:29:11,16.4800,2
SVH9,20:29:11,15.5200,6
SVH9,20:29:58,16.1600,42
SVH9,20:29:58,16.6400,5
SVH9,20:29:58,16.4800,7
SVH9,20:29:58,16.3200,55
SVH9,20:29:58,16.3200,23
SVH9,20:29:58,16.6400,1
SVH9,20:29:58,15.2000,367
SVH9,20:30:02,15.5200,100
SVH9,20:30:16,15.5200,500
SVH9,20:30:16,15.5200,13
SVH9,20:30:16,15.8400,15
SVH9,20:30:16,16.6400,5
SVH9,20:30:16,16.6400,1
SVH9,20:30:16,16.1600,2
SVH9,20:30:16,15.6800,1
SVH9,20:30:16,16.4800,5
SVH9,20:30:16,16.0000,1
SVH9,20:30:16,15.6800,1
SVH9,20:30:16,15.5200,5
SVH9,20:30:16,16.0000,1
SVH9,20:30:16,16.0000,5
SVH9,20:30:16,15.8400,5
SVH9,20:30:33,15.8400,1
SVH9,20:30:38,16.6400,18
SVH9,20:30:38,16.0000,5
SVH9,20:30:38,16.3200,74
SVH9,20:30:38,16.1600,17
SVH9,20:31:01,16.3200,3
SVH9,20:31:01,16.6400,22
SVH9,20:31:03,15.5200,34
SVH9,20:31:03,15.3600,6
SVH9,20:32:37,16.4800,1
SVH9,20:32:40,16.3200,6
SVH9,20:32:42,16.1600,243
SVH9,20:32:42,16.6400,5
SVH9,20:32:46,15.9900,1
SVH9,20:32:47,15.8301,10
SVH9,20:33:03,16.6192,1
SVH9,20:33:04,15.1810,10
SVH9,20:34:06,15.3408,2
SVH9,20:34:30,15.3408,10
SVH9,20:34:30,16.7790,1
SVH9,20:35:54,15.8400,1
SVH9,20:37:46,15.6800,5
SVH9,20:37:46,16.6400,1
SVH9,20:37:46,16.1600,10
SVH9,20:38:03,15.2000,5
SVH9,20:38:10,15.3600,1
SVH9,20:38:19,15.3600,1
SVH9,20:38:21,15.5200,1
SVH9,20:38:22,16.8000,5
SVH9,20:38:34,16.1600,1
SVH9,20:39:12,16.4800,3
SVH9,20:40:37,15.3504,1
SVH9,20:40:37,16.3098,1
SVH9,20:40:37,16.7895,2
SVH9,20:41:34,15.1905,3
SVH9,20:41:55,15.6702,21
SVH9,20:45:28,15.9900,1
SVH9,20:45:48,16.1499,22
SVH9,20:46:10,16.1600,5
SVH9,20:46:10,15.8400,5
SVH9,20:46:13,15.8400,10
SVH9,20:46:21,16.1600,5
SVH9,20:46:25,16.0000,2
SVH9,20:46:27,16.3200,2
SVH9,20:46:31,15.5200,1
SVH9,20:46:39,16.1600,2
SVH9,20:48:14,16.3200,10
SVH9,20:48:27,15.5200,1
SVH9,20:49:33,16.8000,5
SVH9,20:49:33,16.6400,2
SVH9,20:49:37,16.4800,77
SVH9,20:49:37,15.8400,21
SVH9,20:49:37,15.5200,25
SVH9,20:49:37,15.8400,5
SVH9,20:49:37,15.6898,7
SVH9,20:49:38,15.2095,5
SVH9,20:49:54,15.6898,1
SVH9,20:50:15,16.3302,10
SVH9,20:50:15,15.5297,19
SVH9,20:50:15,15.2095,2
SVH9,20:50:15,16.1701,5
SVH9,20:50:15,15.6898,70
SVH9,20:50:15,16.4903,48
SVH9,20:50:15,15.8499,25
SVH9,20:50:15,16.4903,2
SVH9,20:50:15,15.5297,4
SVH9,20:50:15,15.6898,8
SVH9,20:50:15,15.5297,6
SVH9,20:50:29,16.0100,1
SVH9,20:50:43,15.3696,2
SVH9,20:50:49,15.8499,28
SVH9,20:50:49,16.4903,13
SVH9,20:50:49,16.0100,5
SVH9,20:50:49,15.6898,3
SVH9,20:50:49,15.6898,1
SVH9,20:50:49,15.8499,1
SVH9,20:50:49,16.6504,1
SVH9,20:50:49,15.8499,1
SVH9,20:50:49,16.0100,11
SVH9,20:50:49,16.3302,23
SVH9,20:50:49,15.6898,52
SVH9,20:50:49,16.3302,1
SVH9,20:50:49,15.2095,2
SVH9,20:50:49,16.6608,62
SVH9,20:50:50,16.1802,5
SVH9,20:50:50,15.2190,4
SVH9,20:50:53,16.5006,1
SVH9,20:51:41,15.6898,10
SVH9,20:52:05,15.8400,23
SVH9,20:52:05,16.6400,90
SVH9,20:52:05,15.5200,5
SVH9,20:52:05,15.5200,8
SVH9,20:54:03,15.1905,1
SVH9,20:56:31,16.4800,6
SVH9,20:56:33,15.8400,1
SVH9,21:00:18,15.2000,1
SVH9,21:00:57,16.3200,1
SVH9,21:01:28,16.6400,1
SVH9,21:02:22,16.4903,10
SVH9,21:02:22,16.6504,3
SVH9,21:02:34,15.6800,5
SVH9,21:03:12,16.0100,17
SVH9,21:03:20,15.8400,1
SVH9,21:03:20,15.5200,1
SVH9,21:03:25,15.8499,10
SVH9,21:04:12,16.1600,1
SVH9,21:04:27,15.1905,74
SVH9,21:04:27,16.3098,22
SVH9,21:04:27,16.3098,4
SVH9,21:04:27,15.6702,1
SVH9,21:04:27,15.6702,13
SVH9,21:04:27,16.3098,13
SVH9,21:04:27,15.9900,13
SVH9,21:04:27,15.8301,12
SVH9,21:04:27,15.5103,12
SVH9,21:04:27,15.1905,1
SVH9,21:04:27,16.6296,2
SVH9,21:04:27,16.3098,4
SVH9,21:04:27,16.7895,3
SVH9,21:04:27,15.6702,4
SVH9,21:04:27,15.5103,4
SVH9,21:04:27,16.3098,6
SVH9,21:04:27,16.1499,23
SVH9,21:04:27,16.4697,4
SVH9,21:04:27,16.7895,12
SVH9,21:04:27,15.1905,12
SVH9,21:04:27,15.1905,33
SVH9,21:04:27,16.1499,7
SVH9,21:04:27,15.5103,7
SVH9,21:04:28,15.1905,11
SVH9,21:04:28,16.6296,5
SVH9,21:05:04,15.8202,13
SVH9,21:05:05,15.1810,6
SVH9,21:05:11,15.9800,10
SVH9,21:05:32,16.7895,28
SVH9,21:06:18,16.4697,18
SVH9,21:06:18,15.1905,2
SVH9,21:06:22,15.6800,22
SVH9,21:06:22,16.0000,78
SVH9,21:06:23,15.5200,1
SVH9,21:08:21,16.7790,2
SVH9,21:08:21,15.1905,4
SVH9,21:10:28,16.3098,2
SVH9,21:12:01,15.1905,2
SVH9,21:12:11,16.7895,1
SVH9,21:15:34,16.7790,12
SVH9,21:15:34,16.1398,6
SVH9,21:15:34,15.1810,10
SVH9,21:15:34,16.4594,72
SVH9,21:16:16,15.5103,5
SVH9,21:20:20,16.1499,1
SVH9,21:22:50,15.3504,1
SVH9,21:23:13,15.5103,2
SVH9,21:23:57,16.0000,1
SVH9,21:23:57,16.6400,5
SVH9,21:23:57,16.1600,4
SVH9,21:24:42,15.5200,4
SVH9,21:24:51,16.8000,12
SVH9,21:24:51,16.3200,1
SVH9,21:24:51,16.0000,33
SVH9,21:24:51,15.3600,29
SVH9,21:25:09,15.3696,7
SVH9,21:25:41,15.8301,1
SVH9,21:27:10,16.4800,16
SVH9,21:27:32,16.1600,1
SVH9,21:27:32,15.6800,33
SVH9,21:28:41,16.1600,2
SVH9,21:29:33,15.6800,10
SVH9,21:30:02,15.6800,5
SVH9,21:30:02,16.8000,1
SVH9,21:30:14,15.6800,25
SVH9,21:30:14,16.1600,24
SVH9,21:31:18,15.5200,1
SVH9,21:31:30,16.0000,3
SVH9,21:31:53,15.5200,1
SVH9,21:33:45,15.2000,1
SVH9,21:37:34,15.1905,1
SVH9,21:37:57,16.1499,8
SVH9,21:38:23,16.6192,5
SVH9,21:38:23,16.4594,1
SVH9,21:39:19,15.1810,2
SVH9,21:40:14,15.8202,8
SVH9,21:44:03,15.6702,1
SVH9,21:44:34,15.9900,3
SVH9,21:44:37,16.6296,16
SVH9,21:44:37,15.8301,1
SVH9,21:44:44,15.8301,17
SVH9,21:45:25,15.3504,57
SVH9,21:45:25,16.6296,1
SVH9,21:45:52,15.1905,1
SVH9,21:47:20,15.3408,1
SVH9,21:47:21,16.1398,4
SVH9,21:47:47,16.3098,2
SVH9,21:48:35,15.8301,25
SVH9,21:48:35,15.6702,46
SVH9,21:48:36,16.6296,46
SVH9,21:48:38,15.8301,4
SVH9,21:48:39,15.8301,4
SVH9,21:48:39,15.8301,12
SVH9,21:48:39,16.7895,13
SVH9,21:48:39,15.1905,2
SVH9,21:48:40,16.6296,8
SVH9,21:48:40,15.5103,1
SVH9,21:48:40,15.6702,87
SVH9,21:49:31,16.4697,1
SVH9,21:50:47,16.6296,1
SVH9,21:51:00,15.9900,76
SVH9,21:57:23,15.3600,2
SVH9,21:59:36,15.1905,1
SVH9,22:00:02,15.1905,1
SVH9,22:00:06,15.3504,1
SVH9,22:00:10,15.6702,1
SVH9,22:07:13,16.7895,3
SVH9,22:09:43,15.3504,2
SVH9,22:10:49,15.3504,45
SVH9,22:10:49,16.3098,1
SVH9,22:10:49,16.1499,4
SVH9,22:10:49,16.4697,2
SVH9,22:11:19,16.3098,74
SVH9,22:11:19,15.1905,23
SVH9,22:11:19,16.2996,53
SVH9,22:11:19,15.6604,2
SVH9,22:12:40,16.6400,1
SVH9,22:12:40,16.1600,1
SVH9,22:12:40,16.3200,1
SVH9,22:12:40,15.2000,5
SVH9,22:12:40,15.3600,8
SVH9,22:12:40,15.3600,1
SVH9,22:12:40,15.6800,12
SVH9,22:12:40,15.8400,21
SVH9,22:16:43,15.3408,10
SVH9,22:16:51,16.7790,2
SVH9,22:18:39,16.1398,1
SVH9,22:18:46,15.1810,1
SVH9,22:19:03,16.1499,25
SVH9,22:19:04,16.6296,175
SVH9,22:19:04,16.4697,5
SVH9,22:19:04,16.7895,1
SVH9,22:19:04,15.9900,3
SVH9,22:19:04,16.1499,50
SVH9,22:20:21,15.8301,18
SVH9,22:36:20,16.1398,1
SVH9,22:42:26,16.1398,4
SVH9,22:42:26,16.1398,1
SVH9,22:44:30,15.5006,1
SVH9,22:45:25,16.6192,2
SVH9,22:47:58,15.8301,1
SVH9,22:47:58,15.1905,2
SVH9,22:47:58,15.9900,100
SVH9,22:53:21,15.1905,1
SVH9,22:53:21,15.9900,1
SVH9,22:53:31,15.1905,1
SVH9,22:54:07,16.0000,1
SVH9,22:58:39,15.5200,1
SVH9,23:01:27,16.8000,7
SVH9,23:04:28,15.5200,2
SVH9,23:04:36,16.4800,114
SVH9,23:04:36,16.8000,2
SVH9,23:04:36,15.8400,1
SVH9,23:04:52,16.1701,1
SVH9,23:11:15,15.8400,8
SVH9,23:16:31,15.2095,39
SVH9,23:16:31,16.0100,10
SVH9,23:16:31,15.5297,8
SVH9,23:16:31,15.6898,10
SVH9,23:16:31,15.2095,9
SVH9,23:16:31,16.4903,60
SVH9,23:16:31,16.6504,1
SVH9,23:16:31,15.2095,5
SVH9,23:16:31,16.6504,8
SVH9,23:16:31,15.3696,25
SVH9,23:16:31,15.8499,11
SVH9,23:16:31,16.3302,11
SVH9,23:16:31,15.5297,12
SVH9,23:16:31,15.5297,12
SVH9,23:16:31,15.5297,12
SVH9,23:16:31,15.8499,5
SVH9,23:16:31,15.8499,12
SVH9,23:18:33,16.1802,1
SVH9,23:19:34,16.0200,1
SVH9,23:19:54,16.3302,5
SVH9,23:20:09,15.5297,95
SVH9,23:20:09,16.3302,6
SVH9,23:20:09,16.8105,1
SVH9,23:20:09,15.6898,25
SVH9,23:23:58,16.4800,1
SVH9,23:24:19,15.8400,74
SVH9,23:24:19,16.8000,5
SVH9,23:24:19,15.5200,1
SVH9,23:24:19,15.3600,20
SVH9,23:24:28,15.3600,72
SVH9,23:24:28,15.3600,8
SVH9,23:24:39,16.3200,2
SVH9,23:27:15,16.1499,20
SVH9,23:27:24,15.1905,5
SVH9,23:27:24,16.7895,15
SVH9,23:28:43,15.3504,7
SVH9,23:28:43,16.6296,3
SVH9,23:29:41,15.3504,1
SVH9,23:34:22,16.3098,1
SVH9,23:35:12,15.8301,149
SVH9,23:35:12,15.9900,1
SVH9,23:35:12,15.1905,13
SVH9,23:35:12,15.5103,13
SVH9,23:35:12,16.6296,13
SVH9,23:35:12,15.1905,13
SVH9,23:35:12,15.3504,13
SVH9,23:35:12,15.1905,23
SVH9,23:35:12,16.3098,7
SVH9,23:35:12,16.7895,5
SVH9,23:35:52,15.5103,1
SVH9,23:36:56,15.8400,3
SVH9,23:39:10,16.7895,1
SVH9,23:41:56,15.6702,3
SVH9,23:41:57,16.1499,1
SVH9,23:42:02,16.1499,15
SVH9,23:43:03,16.1499,5
SVH9,23:43:04,16.6296,1
SVH9,23:44:08,15.2000,8
SVH9,23:46:54,16.3098,5
SVH9,23:48:57,15.5103,10
SVH9,23:49:00,15.8301,11
SVH9,23:49:51,15.8301,1
SVH9,23:49:59,16.1499,6
SVH9,10:00:24,16.3200,6
SVH9,10:00:30,16.1600,194
SVH9,10:00:30,15.3600,23
SVH9,10:00:39,16.8000,1
SVH9,10:00:44,16.4903,1
SVH9,10:00:44,16.3200,1
SVH9,10:00:46,16.3200,1
SVH9,10:00:48,16.6400,3
SVH9,10:00:57,15.6898,2
SVH9,10:00:57,16.3302,2
SVH9,10:00:59,15.6800,1
SVH9,10:01:07,15.5200,1
SVH9,10:01:26,16.6504,6
SVH9,10:01:29,15.5297,4
SVH9,10:02:04,16.0000,10
SVH9,10:02:05,15.6800,1
SVH9,10:02:09,16.3302,3
SVH9,10:02:45,15.3792,1
SVH9,10:02:45,16.6608,3
SVH9,10:02:45,16.3404,2
SVH9,10:02:45,15.3792,7
SVH9,10:02:45,15.5394,1
SVH9,10:02:45,15.3792,23
SVH9,10:02:45,16.5006,1
SVH9,10:02:45,16.5006,1
SVH9,10:02:45,16.0200,14
SVH9,10:02:45,16.8210,100
SVH9,10:02:45,16.8210,13
SVH9,10:02:45,15.2190,13
SVH9,10:02:45,15.2190,25
SVH9,10:02:45,15.3792,38
SVH9,10:02:45,16.8210,7
SVH9,10:02:45,16.0200,7
SVH9,10:02:45,16.1802,8
SVH9,10:03:12,15.6898,1
SVH9,10:03:13,16.5109,1
SVH9,10:03:13,15.5491,1
SVH9,10:03:17,15.5491,1
SVH9,10:03:39,16.1802,5
SVH9,10:03:40,15.3792,10
SVH9,10:03:40,15.5394,2
SVH9,10:03:40,16.8210,1
SVH9,10:03:40,15.2190,3
SVH9,10:03:46,16.4903,5
SVH9,10:04:14,15.6898,2
SVH9,10:04:20,16.8210,1
SVH9,10:04:20,15.8598,1
SVH9,10:04:20,16.5006,8
SVH9,10:04:20,15.3792,20
SVH9,10:05:11,15.2190,500
SVH9,10:05:11,15.5394,1
SVH9,10:05:12,16.5006,1
SVH9,10:05:12,16.1802,1
SVH9,10:06:44,15.5394,1
SVH9,10:07:04,16.1903,3
SVH9,10:07:04,15.7094,7
SVH9,10:07:04,15.7094,25
SVH9,10:07:04,15.7094,15
SVH9,10:07:39,16.3404,1
SVH9,10:07:51,16.3404,1
SVH9,10:07:56,16.3302,5
SVH9,10:08:46,16.5006,75
SVH9,10:08:46,15.3792,25
SVH9,10:08:46,15.8598,18
SVH9,10:08:46,16.0200,27
SVH9,10:08:46,15.3792,38
SVH9,10:08:46,16.3404,2
SVH9,10:09:26,16.6712,1
SVH9,10:09:26,15.3888,4
SVH9,10:09:26,16.0300,23
SVH9,10:09:26,15.7094,11
SVH9,10:09:33,15.8697,12
SVH9,10:09:33,16.1903,38
SVH9,10:09:56,16.2004,1
SVH9,10:09:56,16.0400,2
SVH9,10:09:56,16.8420,1
SVH9,10:09:56,15.8796,1
SVH9,10:09:56,15.7192,7
SVH9,10:09:56,16.6816,4
SVH9,10:10:07,16.2004,1
SVH9,10:11:08,15.5588,1
SVH9,10:11:17,15.5491,1
SVH9,10:11:17,16.0300,20
SVH9,10:11:24,16.5212,19
SVH9,10:11:24,15.8796,4
SVH9,10:12:36,15.3888,1
SVH9,10:13:18,16.6712,1
SVH9,10:13:21,16.6712,9
SVH9,10:13:21,15.8697,16
SVH9,10:13:21,15.5491,1
SVH9,10:13:21,15.8697,6
SVH9,10:13:21,15.5491,25
SVH9,10:13:21,15.3888,6
SVH9,10:13:21,16.3506,1
SVH9,10:13:21,15.7094,1
SVH9,10:13:27,16.1903,2
SVH9,10:14:08,16.8315,4
SVH9,10:14:46,16.3608,9
SVH9,10:15:38,16.3608,20
SVH9,10:16:05,15.7192,1
SVH9,10:17:20,15.3888,1
SVH9,10:20:02,16.6712,2
SVH9,10:20:08,16.0400,10
SVH9,10:20:12,16.5109,3
SVH9,10:20:19,16.6712,6
SVH9,10:20:56,15.7192,1
SVH9,10:21:40,15.5588,2
SVH9,10:23:15,15.7094,1
SVH9,10:24:03,15.3888,1
SVH9,10:24:13,15.8697,1
SVH9,10:25:05,16.0200,12
SVH9,10:25:23,15.8598,1
SVH9,10:25:23,15.3792,1
SVH9,10:26:19,16.5109,10
SVH9,10:27:04,16.5006,1
SVH9,10:27:06,16.8210,1
SVH9,10:27:09,16.3404,1
SVH9,10:27:11,15.6996,1
SVH9,10:27:13,16.3404,1
SVH9,10:27:16,15.8598,1
SVH9,10:27:18,15.3792,1
SVH9,10:27:20,16.6608,1
SVH9,10:27:23,16.0200,1
SVH9,10:27:25,16.1802,1
SVH9,10:27:35,15.5491,2
SVH9,10:27:41,16.5006,1
SVH9,10:27:43,16.1802,1
SVH9,10:27:46,16.8210,1
SVH9,10:27:48,16.5006,1
SVH9,10:27:55,16.5006,5
SVH9,10:29:34,16.5006,1
SVH9,10:29:34,16.5006,1
SVH9,10:29:34,15.8598,20
SVH9,10:30:24,15.2095,6
SVH9,10:30:25,16.4903,5
SVH9,10:30:25,15.5297,6
SVH9,10:31:02,16.1802,1
SVH9,10:31:30,15.5394,2
SVH9,10:31:30,15.2190,1
SVH9,10:32:09,15.2190,1
SVH9,10:32:20,15.2285,1
SVH9,10:37:46,15.3696,28
SVH9,10:37:46,16.8105,1
SVH9,10:37:46,15.8499,7
SVH9,10:37:46,15.2095,1
SVH9,10:37:46,15.8499,1
SVH9,10:37:46,16.4903,1
SVH9,10:37:46,16.4903,21
SVH9,10:38:56,15.3792,23
SVH9,10:38:56,15.3792,7
SVH9,10:41:02,16.8210,1
SVH9,10:41:02,15.8598,15
SVH9,10:42:24,16.5006,1
SVH9,10:42:58,16.8315,1
SVH9,10:44:11,15.2190,46
SVH9,10:44:11,15.5394,7
SVH9,10:44:11,16.0200,17
SVH9,10:46:27,15.2190,3
SVH9,10:46:32,16.5006,4
SVH9,10:48:06,16.1802,1
SVH9,10:50:14,16.1903,1
SVH9,10:50:17,16.5109,1
SVH9,10:52:09,15.7094,20
SVH9,10:52:09,15.3888,1
SVH9,10:53:09,15.8598,1
SVH9,10:56:21,16.3404,2
SVH9,10:58:30,15.7094,8
SVH9,10:59:19,16.6608,3
SVH9,10:59:44,16.1802,2
SVH9,11:00:54,16.3404,10
SVH9,11:01:30,15.2095,1
SVH9,11:02:24,15.6898,1
SVH9,11:02:38,15.8499,1
SVH9,11:03:45,15.2190,2
SVH9,11:05:04,16.0300,1
SVH9,11:05:27,16.8315,1
SVH9,11:07:30,15.3984,3
SVH9,11:07:38,16.8420,2
SVH9,11:07:38,16.6816,6
SVH9,11:07:38,16.5212,44
SVH9,11:07:38,15.3984,2
SVH9,11:07:38,15.7192,5
SVH9,11:07:38,15.3984,5
SVH9,11:07:38,16.8420,6
SVH9,11:07:38,16.5212,6
SVH9,11:07:38,16.6816,7
SVH9,11:07:38,15.2380,1
SVH9,11:08:19,16.5212,1
SVH9,11:08:26,16.0500,2
SVH9,11:08:26,15.4080,20
SVH9,11:08:26,16.5315,6
SVH9,11:08:27,16.2105,2
SVH9,11:08:27,16.8525,12
SVH9,11:08:34,16.8525,1
SVH9,11:08:38,16.3710,4
SVH9,11:08:38,15.5685,5
SVH9,11:08:38,15.4080,50
SVH9,11:08:38,16.2105,1
SVH9,11:08:46,15.3984,1
SVH9,11:08:56,15.5685,1
SVH9,11:11:56,15.4080,5
SVH9,11:11:56,15.8895,5
SVH9,11:11:56,16.5315,2
SVH9,11:11:56,16.0500,63
SVH9,11:11:56,16.2105,37
SVH9,11:11:56,16.0500,2
SVH9,11:11:56,16.6920,2
SVH9,11:11:56,15.8895,1
SVH9,11:12:18,15.2570,1
SVH9,11:12:19,16.5418,3
SVH9,11:12:19,16.8630,22
SVH9,11:12:19,16.2206,25
SVH9,11:12:19,16.3812,5
SVH9,11:12:25,16.2206,10
SVH9,11:12:28,16.0600,1
SVH9,11:12:28,15.5782,1
SVH9,11:12:28,15.5782,1
SVH9,11:12:29,16.8630,1
SVH9,11:12:29,15.2570,1
SVH9,11:12:29,16.3812,1
SVH9,11:12:30,15.4176,1
SVH9,11:12:30,15.4176,1
SVH9,11:13:27,16.5315,2
SVH9,11:14:46,15.8895,1
SVH9,11:15:35,15.7388,1
SVH9,11:16:01,16.0600,29
SVH9,11:16:01,16.0600,1
SVH9,11:16:01,16.2206,2
SVH9,11:16:01,16.3812,2
