SECID,TRADETIME,PRICE,QUANTITY
GMH9,19:05:37,128333.6000,1
GMH9,19:05:37,135088.0000,1
GMH9,19:06:56,129671.0400,1
GMH9,19:07:32,139119.0100,1
GMH9,19:07:32,141820.3500,1
GMH9,19:08:35,129663.3600,2
GMH9,19:18:18,135957.1100,1
GMH9,19:18:18,134608.0000,1
GMH9,19:18:18,139992.3200,1
GMH9,19:18:18,137292.0000,1
GMH9,19:18:18,133238.1600,1
GMH9,19:38:48,132120.6600,1
GMH9,19:38:48,132111.8400,1
GMH9,19:38:48,141548.4000,1
GMH9,19:39:52,130667.7300,2
GMH9,19:50:59,141489.6000,1
GMH9,20:30:42,129312.9600,1
GMH9,20:39:00,138836.7900,1
GMH9,20:43:40,132041.2800,1
GMH9,22:37:54,140255.4400,1
GMH9,22:37:54,138906.8300,1
GMH9,23:19:49,128297.5000,1
GMH9,23:29:02,140224.2400,2
GMH9,23:29:34,133658.9100,2
GMH9,23:29:56,131003.3500,2
GMH9,23:30:16,136232.8400,2
GMH9,23:30:28,137583.7200,2
GMH9,23:30:34,133505.4600,2
GMH9,23:30:51,132360.7600,2
GMH9,23:30:53,128299.4000,2
GMH9,23:30:57,140449.9200,2
GMH9,23:31:12,133701.4800,2
GMH9,23:31:29,133548.0300,2
GMH9,23:31:33,134894.0000,2
GMH9,23:31:38,141642.9000,2
GMH9,23:31:40,134901.0000,2
GMH9,23:31:43,134901.0000,1
GMH9,23:31:59,132338.2200,2
GMH9,23:32:03,129648.0000,2
GMH9,23:32:12,141792.0000,2
GMH9,23:32:20,132315.6800,2
GMH9,23:32:33,137562.3000,2
GMH9,23:32:59,132173.5800,2
GMH9,23:33:14,141640.8000,2
GMH9,23:33:22,133566.8400,2
GMH9,23:33:31,132282.3600,2
GMH9,23:33:36,132298.0400,2
GMH9,23:33:46,136333.8400,1
GMH9,10:00:20,136535.8400,1
GMH9,10:00:21,137678.5800,1
GMH9,10:01:11,137922.3600,1
GMH9,10:01:11,139271.4500,1
GMH9,10:01:12,139268.3600,1
GMH9,10:01:14,135252.0000,1
GMH9,10:01:15,131197.3500,1
GMH9,10:01:15,128516.9500,1
GMH9,10:01:15,136633.8100,1
GMH9,10:01:15,131223.5400,2
GMH9,10:01:25,131260.4000,2
GMH9,10:01:25,142123.8000,1
GMH9,10:01:28,131213.8400,1
GMH9,10:01:28,142035.6000,1
GMH9,10:01:28,140682.8800,1
GMH9,10:01:36,139220.9800,1
GMH9,10:01:36,132462.6800,1
GMH9,10:01:46,142122.7500,1
GMH9,10:01:46,142122.7500,1
GMH9,10:02:04,140701.6000,1
GMH9,10:02:28,135300.0000,1
GMH9,10:02:28,132594.0000,2
GMH9,10:02:28,136653.0000,1
GMH9,10:02:34,136677.2400,4
GMH9,10:02:34,139369.3000,1
GMH9,10:02:34,132594.0000,2
GMH9,10:02:34,132594.0000,1
GMH9,10:02:36,133947.0000,2
GMH9,10:02:53,131241.0000,1
GMH9,10:02:54,138006.0000,1
GMH9,10:03:01,136653.0000,1
GMH9,10:03:01,131241.0000,1
GMH9,10:03:01,129888.0000,1
GMH9,10:03:22,140616.3200,1
GMH9,10:04:00,133945.0200,1
GMH9,10:04:00,138006.0000,1
GMH9,10:04:03,139306.4700,1
GMH9,10:04:15,134036.1000,1
GMH9,10:04:24,142013.5500,1
GMH9,10:04:37,129879.3600,1
GMH9,10:04:53,129777.6000,1
GMH9,10:04:55,128445.7000,1
GMH9,10:07:23,128440.0000,1
GMH9,10:08:40,133922.2500,1
GMH9,10:08:40,132610.6600,1
GMH9,10:08:40,128551.1500,1
GMH9,10:09:58,131249.7300,1
GMH9,10:10:06,132569.5000,1
GMH9,10:10:06,132568.5200,8
GMH9,10:10:06,128510.3000,2
GMH9,10:18:48,132483.2600,1
GMH9,10:20:03,131059.6100,1
GMH9,10:22:47,137955.0000,1
GMH9,10:22:50,133927.2000,1
GMH9,10:22:50,129868.8000,1
GMH9,10:23:16,133938.0900,1
GMH9,10:24:48,129815.0400,1
GMH9,10:26:02,141878.1000,1
GMH9,10:26:02,128367.8000,1
GMH9,10:29:03,139338.4000,1
GMH9,10:29:03,140691.2000,1
GMH9,10:29:03,132574.4000,8
GMH9,10:34:57,138060.0600,1
GMH9,10:34:57,142120.6500,1
GMH9,10:34:57,129945.6000,2
GMH9,10:34:57,128611.0000,8
GMH9,10:35:36,132660.6400,1
GMH9,10:35:36,132660.6400,1
GMH9,10:35:36,140782.7200,1
GMH9,10:35:48,131324.4200,1
GMH9,10:35:48,136743.9000,1
GMH9,10:35:48,131329.2700,1
GMH9,10:36:08,134046.0000,1
GMH9,10:36:08,142170.0000,1
GMH9,10:36:53,128680.3500,2
GMH9,10:36:53,136824.7000,5
GMH9,10:36:53,132789.0200,1
GMH9,10:39:20,142176.3000,1
GMH9,10:39:45,138157.9800,1
GMH9,10:39:48,134095.5000,1
GMH9,10:40:48,135472.0000,1
GMH9,10:40:48,140918.9600,1
GMH9,10:40:48,136855.0000,1
GMH9,10:40:48,140920.0000,1
GMH9,10:40:53,132715.5200,1
GMH9,10:40:53,130002.2400,1
GMH9,10:40:53,136773.1900,1
GMH9,10:40:53,138108.0000,1
GMH9,10:42:57,142215.1500,1
GMH9,10:42:57,136764.1000,2
GMH9,10:43:23,131339.9400,1
GMH9,10:43:39,134047.9800,1
GMH9,10:44:51,132693.9600,1
GMH9,10:47:35,142256.1000,1
GMH9,10:47:35,130062.7200,1
GMH9,10:47:35,128708.8500,2
GMH9,10:51:05,140883.6000,2
GMH9,10:51:35,136853.9900,1
GMH9,11:00:09,140916.8800,1
GMH9,11:00:09,142272.9000,1
GMH9,11:00:09,134145.0000,3
GMH9,11:00:29,135389.0000,1
GMH9,11:00:29,134034.1200,1
GMH9,11:00:29,134033.1300,1
GMH9,11:00:29,139446.5500,1
GMH9,11:00:29,139445.5200,2
GMH9,11:00:29,129961.9200,1
GMH9,11:00:29,135375.0000,2
GMH9,11:00:29,131308.9000,6
GMH9,11:00:29,129955.2000,2
GMH9,11:00:29,131326.3600,1
GMH9,11:00:29,142157.4000,1
GMH9,11:00:29,129936.9600,2
GMH9,11:00:29,142114.3500,2
GMH9,11:00:29,135320.0000,2
GMH9,11:00:30,137956.0200,1
GMH9,11:00:30,142012.5000,1
GMH9,11:00:30,139204.5000,1
GMH9,11:00:30,139204.5000,1
GMH9,11:00:31,139251.8800,1
GMH9,11:00:31,131140.1200,1
GMH9,11:00:46,140586.1600,1
GMH9,11:00:46,128420.0500,1
GMH9,11:00:46,131123.6300,1
GMH9,11:00:46,131102.2900,1
GMH9,11:01:03,133809.3900,1
GMH9,11:01:03,133808.4000,1
GMH9,11:01:03,132466.6000,1
GMH9,11:01:05,136502.5100,1
GMH9,11:01:05,133799.4900,1
GMH9,11:01:08,137946.8400,1
GMH9,11:01:08,137946.8400,1
GMH9,11:01:14,129746.8800,1
GMH9,11:01:14,139207.5900,1
GMH9,11:01:14,139207.5900,1
GMH9,11:01:14,141907.5000,1
GMH9,11:01:14,136501.5000,1
GMH9,11:01:21,131095.5000,4
GMH9,11:01:21,141907.5000,2
GMH9,11:01:21,129744.0000,3
GMH9,11:01:22,139204.5000,1
GMH9,11:01:50,135120.0000,1
GMH9,11:01:58,129724.8000,1
GMH9,11:01:59,128333.6000,1
GMH9,11:01:59,130978.1300,1
GMH9,11:01:59,130972.3100,2
GMH9,11:01:59,133672.7700,2
GMH9,11:01:59,129622.0800,1
GMH9,11:01:59,137723.4600,4
GMH9,11:01:59,133672.7700,1
GMH9,11:01:59,133672.7700,1
GMH9,11:01:59,141774.1500,1
GMH9,11:02:07,132347.0400,2
GMH9,11:02:44,140411.4400,1
GMH9,11:02:44,133660.8900,1
GMH9,11:03:21,128260.4500,1
GMH9,11:03:21,133660.8900,1
GMH9,11:03:21,137711.2200,1
GMH9,11:03:21,141761.5500,1
GMH9,11:03:24,140423.9200,2
GMH9,11:03:30,132366.6400,1
GMH9,11:03:59,129689.2800,2
GMH9,11:04:13,133749.9900,2
GMH9,11:04:22,139161.2400,1
GMH9,11:05:36,133656.9300,1
GMH9,11:06:17,141782.5500,1
GMH9,11:06:25,140414.5600,1
GMH9,11:06:31,136372.2200,1
GMH9,11:06:31,140421.8400,2
GMH9,11:06:35,132321.5600,1
GMH9,11:06:41,139072.6600,2
GMH9,11:06:41,132321.5600,6
GMH9,11:06:41,136372.2200,2
GMH9,11:06:41,137722.4400,2
GMH9,11:06:41,128270.9000,1
GMH9,11:06:41,141773.1000,3
GMH9,11:06:41,133671.7800,1
GMH9,11:06:41,140422.8800,1
GMH9,11:06:52,132337.2400,2
GMH9,11:06:52,141790.9500,1
GMH9,11:06:52,128290.8500,1
GMH9,11:06:52,132342.1400,1
GMH9,11:06:52,135048.0000,1
GMH9,11:06:52,137748.9600,1
GMH9,11:06:52,137754.0600,1
GMH9,11:06:52,141805.6500,1
GMH9,11:07:56,140417.6800,2
GMH9,11:07:56,130966.4900,2
GMH9,11:07:56,135009.0000,2
GMH9,11:07:56,141759.4500,2
GMH9,11:08:02,129608.6400,2
GMH9,11:08:02,136346.9700,2
GMH9,11:08:02,141733.2000,1
GMH9,11:08:02,139033.5200,1
GMH9,11:08:02,132287.2600,1
GMH9,11:08:02,128224.3500,1
GMH9,11:08:02,139022.1900,1
GMH9,11:08:02,133622.2800,1
GMH9,11:09:23,131058.6400,1
GMH9,11:09:23,128356.4000,1
GMH9,11:09:23,141867.6000,1
GMH9,11:09:23,139165.3600,1
GMH9,11:09:23,139166.3900,1
GMH9,11:09:23,135113.0000,1
GMH9,11:10:32,140614.2400,1
GMH9,11:11:31,132603.8000,1
GMH9,11:11:31,139434.1900,1
GMH9,11:11:55,142178.4000,1
GMH9,11:11:59,136846.9200,1
GMH9,11:11:59,140912.7200,1
GMH9,11:12:08,139563.9700,1
GMH9,11:12:10,142244.5500,1
GMH9,11:12:17,135471.0000,2
GMH9,11:12:17,140889.8400,2
GMH9,11:12:34,136812.5800,1
GMH9,11:13:56,142275.0000,3
GMH9,11:13:56,139565.0000,1
GMH9,11:13:56,139565.0000,1
GMH9,11:13:56,132790.9800,1
GMH9,11:13:56,134150.9400,1
GMH9,11:14:31,132787.0600,2
GMH9,11:14:31,136830.7600,2
GMH9,11:14:31,131411.7200,1
GMH9,11:14:31,132766.4800,2
GMH9,11:14:42,131435.0000,2
GMH9,11:14:57,139540.2800,2
GMH9,11:14:57,135470.0000,1
GMH9,11:14:57,132760.6000,1
GMH9,11:14:57,131405.9000,2
GMH9,11:14:57,132744.9200,2
GMH9,11:14:57,130034.8800,1
GMH9,11:14:57,142225.6500,1
GMH9,11:14:57,131386.5000,2
GMH9,11:14:57,131386.5000,2
GMH9,11:14:57,136804.5000,2
GMH9,11:14:57,132741.0000,2
GMH9,11:14:57,138157.9800,2
GMH9,11:14:57,130031.0400,1
GMH9,11:14:57,140866.9600,1
GMH9,11:14:57,134094.5100,2
GMH9,11:14:57,131367.1000,1
GMH9,11:14:57,136784.3000,1
GMH9,11:14:57,142215.1500,2
GMH9,11:14:57,135430.0000,2
GMH9,11:14:57,135308.0000,1
GMH9,11:15:05,139544.4000,1
GMH9,11:15:09,136897.4200,1
GMH9,11:15:09,128782.9500,1
GMH9,11:15:16,142366.3500,10
GMH9,11:15:22,136868.1300,1
GMH9,11:15:22,142282.3500,2
GMH9,11:18:35,139475.3900,1
GMH9,11:18:53,140918.9600,1
GMH9,11:18:53,138210.0000,3
GMH9,11:19:03,139563.9700,1
GMH9,11:20:43,134242.0200,1
GMH9,11:20:43,139665.9400,1
GMH9,11:20:43,130174.0800,2
GMH9,11:21:18,130130.8800,1
GMH9,11:21:18,134197.4700,1
GMH9,11:21:18,132840.9600,1
GMH9,11:23:11,130152.0000,1
GMH9,11:23:11,135599.0000,1
GMH9,11:23:11,142380.0000,1
GMH9,11:23:11,130179.8400,1
GMH9,11:23:17,135662.0000,2
GMH9,11:23:17,135666.0000,2
GMH9,11:23:17,128882.7000,2
GMH9,11:23:17,134309.3400,1
GMH9,11:23:17,141092.6400,4
GMH9,11:23:17,137022.6600,1
GMH9,11:23:17,135670.0000,1
GMH9,11:23:17,139740.1000,1
GMH9,11:23:17,132978.1600,1
GMH9,11:23:17,142483.9500,1
GMH9,11:23:18,134343.0000,1
GMH9,11:23:18,139771.0000,1
GMH9,11:23:18,137077.2000,1
GMH9,11:23:18,141152.9600,2
GMH9,11:23:30,142486.0500,1
GMH9,11:23:36,132986.0000,1
GMH9,11:23:43,141107.2000,2
GMH9,11:23:44,137093.3600,1
GMH9,11:23:44,128949.2000,1
GMH9,11:23:44,141177.9200,1
GMH9,11:23:44,130320.0000,1
GMH9,11:24:14,139821.4700,1
GMH9,11:24:14,139821.4700,1
GMH9,11:24:30,134392.5000,1
GMH9,11:24:30,138471.1200,1
GMH9,11:25:12,141045.8400,1
GMH9,11:25:12,134264.7900,1
GMH9,11:25:12,142401.0000,1
GMH9,11:26:44,131532.0000,1
GMH9,11:27:50,142464.0000,1
GMH9,11:28:35,130176.9600,1
GMH9,11:33:02,131533.9400,1
GMH9,11:33:10,132971.3000,1
GMH9,11:33:10,141112.4000,1
GMH9,11:33:10,138399.7200,1
GMH9,11:33:10,131627.0600,1
GMH9,11:33:10,141128.0000,1
GMH9,11:33:10,135700.0000,5
GMH9,11:39:57,135567.0000,1
GMH9,11:48:37,134147.9700,1
GMH9,11:48:37,139565.0000,1
GMH9,11:48:37,139565.0000,3
GMH9,11:48:37,132790.0000,1
GMH9,11:48:37,134019.2700,1
GMH9,11:50:56,131530.0600,1
GMH9,11:54:59,131568.8600,2
GMH9,11:57:15,135727.0000,2
GMH9,11:57:24,130305.6000,3
GMH9,11:57:36,141164.4000,1
GMH9,11:58:17,128976.7500,1
GMH9,11:58:19,130335.3600,1
GMH9,11:58:24,130335.3600,2
GMH9,11:58:24,139807.0500,2
GMH9,11:58:24,139807.0500,1
GMH9,11:58:24,128948.2500,1
GMH9,11:59:54,139820.4400,1
GMH9,11:59:54,128983.4000,1
GMH9,11:59:54,131697.8700,1
GMH9,11:59:54,138489.4800,1
GMH9,12:00:31,139853.4000,5
GMH9,12:07:55,142348.5000,1
GMH9,12:15:54,131629.0000,1
GMH9,12:16:02,137090.3300,1
GMH9,12:16:02,134375.6700,1
GMH9,12:16:02,141175.8400,1
GMH9,12:16:02,131673.6200,1
GMH9,12:16:02,141175.8400,2
GMH9,12:16:02,128958.7000,2
GMH9,12:16:02,128958.7000,2
GMH9,12:16:02,141177.9200,2
GMH9,12:16:08,138514.9800,1
GMH9,12:16:08,138516.0000,1
GMH9,12:16:08,141232.0000,1
GMH9,12:16:08,130368.0000,3
GMH9,12:16:08,131726.0000,2
GMH9,12:16:08,137181.2300,1
GMH9,12:16:08,137182.2400,2
GMH9,12:16:08,135824.0000,2
GMH9,12:16:08,138535.3800,2
GMH9,12:16:08,133089.8800,2
GMH9,12:16:09,134408.3400,2
GMH9,12:16:09,131793.9000,1
GMH9,12:16:13,131710.4800,1
GMH9,12:16:13,141214.3200,1
GMH9,12:16:14,133056.5600,2
GMH9,12:16:14,135828.0000,1
GMH9,12:16:15,133148.6800,1
GMH9,12:17:23,129047.0500,1
GMH9,12:17:23,139914.1700,1
GMH9,12:17:31,139874.0000,1
GMH9,12:17:31,130368.0000,1
GMH9,12:17:31,135799.0000,1
GMH9,12:17:40,130403.5200,1
GMH9,12:17:40,135845.0000,1
GMH9,12:17:41,131689.1400,1
GMH9,12:17:41,128973.9000,1
GMH9,12:17:41,135847.0000,1
GMH9,12:17:44,131763.8300,1
GMH9,12:17:44,133122.2200,1
GMH9,12:17:47,138555.7800,1
GMH9,12:17:48,130406.4000,1
GMH9,12:17:48,134480.6100,1
GMH9,12:17:48,134480.6100,1
GMH9,12:17:48,131763.8300,4
GMH9,12:17:49,138555.7800,1
GMH9,12:17:50,133122.2200,1
GMH9,12:20:05,133085.9600,1
GMH9,12:20:05,139876.0600,1
GMH9,12:20:05,139880.1800,2
GMH9,12:20:05,133089.8800,3
GMH9,12:20:05,134447.9400,1
GMH9,12:20:05,135806.0000,5
GMH9,12:20:05,141315.2000,1
GMH9,12:20:05,141328.7200,1
GMH9,12:20:05,129098.3500,1
GMH9,12:20:05,142702.3500,1
GMH9,12:20:05,129038.5000,1
GMH9,12:20:05,131755.1000,1
GMH9,12:20:05,142620.4500,2
GMH9,12:20:05,137187.2900,1
GMH9,12:20:05,131790.0200,1
GMH9,12:20:07,139921.3800,1
GMH9,12:20:07,133148.6800,1
GMH9,12:20:08,135836.0000,2
GMH9,12:20:15,137186.2800,1
GMH9,12:20:19,139924.4700,1
GMH9,12:20:22,139915.2000,1
GMH9,12:20:22,134459.8200,2
GMH9,12:20:24,138534.3600,1
GMH9,12:20:24,139892.5400,1
GMH9,12:21:45,128993.8500,2
GMH9,12:21:45,135783.0000,2
GMH9,12:23:02,129017.6000,1
GMH9,12:23:02,137166.0800,1
GMH9,12:23:26,129007.1500,1
GMH9,12:23:26,133081.0600,1
GMH9,12:23:33,131823.0000,1
GMH9,12:23:33,130477.4400,1
GMH9,12:23:37,134590.5000,5
GMH9,12:23:37,129168.6500,1
GMH9,12:23:37,134640.0000,1
GMH9,12:23:37,142801.0500,1
GMH9,12:23:37,142806.3000,1
GMH9,12:23:37,140105.7500,2
GMH9,12:23:39,133194.7400,1
GMH9,12:23:39,133194.7400,1
GMH9,12:23:40,131834.6400,1
GMH9,12:23:58,140080.0000,1
GMH9,12:24:10,140025.4100,1
GMH9,12:24:10,134584.5600,1
GMH9,12:24:13,141435.8400,1
GMH9,12:24:13,130556.1600,1
GMH9,12:24:14,131862.7700,1
GMH9,12:24:14,137272.1300,1
GMH9,12:25:37,133194.7400,1
GMH9,12:25:37,140077.9400,1
GMH9,12:25:37,130558.0800,1
GMH9,12:26:47,134640.0000,1
GMH9,12:26:47,138721.0200,3
GMH9,12:26:48,130560.9600,1
GMH9,12:26:48,142801.0500,2
GMH9,12:26:48,137361.0100,3
GMH9,12:26:48,133280.9800,11
GMH9,12:26:51,133392.7000,5
GMH9,12:26:51,138837.3000,1
GMH9,12:26:51,134753.8500,1
GMH9,12:26:51,130666.5600,2
GMH9,12:26:57,137444.8400,1
GMH9,12:27:14,131967.5300,1
GMH9,12:27:14,134689.5000,1
GMH9,12:27:32,138822.0000,1
GMH9,12:27:32,140183.0000,1
GMH9,12:27:32,138822.0000,1
GMH9,12:27:32,134739.0000,1
GMH9,12:27:32,137445.8500,2
GMH9,12:27:37,134739.0000,1
GMH9,12:27:37,134739.0000,1
GMH9,12:27:38,136080.0000,2
GMH9,12:27:38,141518.0000,1
GMH9,12:28:44,142844.1000,1
GMH9,12:28:48,133376.0400,1
GMH9,12:28:48,132015.0600,1
GMH9,12:29:02,131948.1300,1
GMH9,12:30:56,137461.0000,1
GMH9,12:30:56,136100.0000,1
GMH9,12:31:06,140183.0000,1
GMH9,12:31:06,137461.0000,1
GMH9,12:31:06,141544.0000,1
GMH9,12:31:17,141554.4000,2
GMH9,12:31:22,141559.6000,3
GMH9,12:31:22,142923.9000,1
GMH9,12:31:40,138818.9400,1
GMH9,12:31:40,137442.8200,1
GMH9,12:31:41,136093.0000,1
GMH9,12:31:41,131997.6000,2
GMH9,12:31:41,131991.7800,2
GMH9,12:31:41,140151.0700,1
GMH9,12:31:41,130624.3200,2
GMH9,12:31:41,142865.1000,1
GMH9,12:32:59,138658.8000,3
GMH9,12:32:59,135940.0000,3
GMH9,12:36:39,133212.3800,1
GMH9,12:42:35,141340.1600,1
GMH9,12:46:08,129008.1000,1
GMH9,12:46:09,142586.8500,3
GMH9,12:46:09,129007.1500,1
GMH9,12:46:10,142586.8500,7
GMH9,12:46:12,135751.0000,1
GMH9,12:46:12,139823.5300,1
GMH9,12:47:52,137198.4000,1
GMH9,12:48:03,130339.2000,1
GMH9,12:48:14,137108.5100,1
GMH9,12:48:14,133035.0000,1
GMH9,12:48:14,130320.0000,4
GMH9,12:48:59,142557.4500,1
GMH9,12:51:00,141206.0000,2
GMH9,12:51:00,133059.5000,6
GMH9,12:52:25,133106.5400,1
GMH9,12:52:25,139897.6900,2
GMH9,12:52:25,139914.1700,1
GMH9,12:52:30,130319.0400,1
GMH9,12:52:30,138463.9800,1
GMH9,12:52:30,135748.0000,3
GMH9,12:52:30,142527.0000,17
GMH9,12:52:30,131658.1000,1
GMH9,12:52:30,142516.5000,1
GMH9,12:52:33,137118.6100,1
GMH9,12:56:14,138495.6000,1
GMH9,13:00:22,135830.0000,1
GMH9,13:01:55,138554.7600,1
GMH9,13:02:19,138543.5400,1
GMH9,13:03:55,142653.0000,1
GMH9,13:05:04,130497.6000,1
GMH9,13:07:04,139963.6100,1
GMH9,13:12:03,141282.9600,1
GMH9,13:12:03,142640.4000,1
GMH9,13:17:16,129010.0000,1
GMH9,13:20:51,129083.1500,2
GMH9,13:20:51,133159.4600,2
GMH9,13:20:51,135877.0000,2
GMH9,13:20:51,139967.7300,1
GMH9,13:20:51,141326.6400,1
GMH9,13:20:51,134532.0900,2
GMH9,13:20:51,135891.0000,1
GMH9,13:20:51,137249.9100,1
GMH9,13:20:51,139967.7300,1
GMH9,13:20:51,138608.8200,1
GMH9,13:20:51,133185.9200,1
GMH9,13:20:51,137263.0400,1
GMH9,13:20:51,142699.2000,2
GMH9,13:20:51,141340.1600,1
GMH9,13:20:51,142699.2000,1
GMH9,13:20:51,138630.2400,2
GMH9,13:20:51,137284.2500,2
GMH9,13:20:51,131847.2500,2
GMH9,13:20:51,129128.7500,2
GMH9,13:20:51,138643.5000,1
GMH9,13:25:41,137271.1200,1
GMH9,13:25:41,141348.4800,1
GMH9,13:33:15,133106.5400,1
GMH9,13:33:15,142614.1500,1
GMH9,13:33:15,134464.7700,3
GMH9,13:33:15,133105.5600,2
GMH9,13:35:59,129062.2500,1
GMH9,13:37:09,133075.1800,1
GMH9,13:37:09,139863.7000,1
GMH9,13:37:23,131709.5100,1
GMH9,13:37:23,128991.0000,1
GMH9,13:37:23,133059.5000,1
GMH9,13:37:23,133034.0200,1
GMH9,13:38:02,130275.8400,1
GMH9,13:38:02,131631.9100,2
GMH9,13:39:56,128910.2500,1
GMH9,13:39:56,128910.2500,1
GMH9,13:40:00,133022.2600,1
GMH9,13:40:00,134380.6200,1
GMH9,13:43:30,135707.0000,1
GMH9,13:43:30,135698.0000,1
GMH9,13:43:58,132982.0800,2
GMH9,13:44:16,139757.6100,2
GMH9,13:44:20,138400.7400,1
GMH9,13:44:20,130259.5200,1
GMH9,13:44:24,139766.8800,1
GMH9,13:45:01,131614.4500,1
GMH9,13:45:36,135645.0000,1
GMH9,13:45:36,131567.8900,5
GMH9,13:45:36,135626.0000,1
GMH9,13:45:36,139694.7800,1
GMH9,13:45:58,138337.5000,9
GMH9,13:46:24,134268.7500,1
GMH9,13:46:24,134277.6600,1
GMH9,13:46:24,136990.3400,1
GMH9,13:46:24,131564.9800,1
GMH9,13:46:24,139703.0200,1
GMH9,13:46:24,135634.0000,1
GMH9,13:46:24,142428.3000,2
GMH9,13:46:25,138358.9200,2
GMH9,13:46:55,136997.4100,2
GMH9,13:46:55,136997.4100,1
GMH9,13:46:55,138349.7400,1
GMH9,13:46:55,138345.6600,2
GMH9,13:47:37,138358.9200,1
GMH9,13:47:37,142439.8500,4
GMH9,13:47:38,135655.0000,1
GMH9,13:47:38,139714.3500,2
GMH9,13:47:39,131569.8300,2
GMH9,13:47:39,131569.8300,1
GMH9,13:47:39,136995.3900,1
GMH9,13:47:39,139708.1700,1
GMH9,13:47:39,138349.7400,1
GMH9,13:47:39,141059.3600,1
GMH9,13:47:54,131556.2500,4
GMH9,13:51:55,130253.7600,2
GMH9,13:51:55,141116.5600,2
GMH9,13:51:55,135696.0000,1
GMH9,13:51:55,132989.9200,1
GMH9,13:51:55,141132.1600,1
GMH9,13:51:55,131636.7600,2
GMH9,13:51:55,134359.8300,2
GMH9,13:51:55,128938.7500,2
GMH9,13:52:27,141105.1200,1
GMH9,13:52:40,141104.0800,1
GMH9,13:56:58,137049.9300,2
GMH9,13:57:00,134336.0700,5
GMH9,13:59:26,132979.1400,1
GMH9,13:59:26,138392.5800,1
GMH9,14:05:15,138378.3000,1
GMH9,14:05:15,132951.7000,1
GMH9,14:05:33,134271.7200,1
GMH9,14:05:33,134271.7200,1
GMH9,14:05:43,131536.8500,1
GMH9,14:06:47,131535.8800,1
GMH9,14:07:02,130179.8400,1
GMH9,14:07:02,130179.8400,1
GMH9,14:08:12,141028.1600,1
GMH9,14:08:13,139672.1200,1
GMH9,14:09:07,141028.1600,1
GMH9,14:09:07,131535.8800,1
GMH9,14:09:07,141027.1200,1
GMH9,14:10:35,128847.5500,1
GMH9,14:10:35,134272.7100,1
GMH9,14:10:35,142406.2500,1
GMH9,14:12:25,128773.4500,1
GMH9,14:12:25,138262.0200,1
GMH9,14:12:25,134194.5000,2
GMH9,14:12:25,131474.7700,1
GMH9,14:12:25,135541.0000,1
GMH9,14:12:25,134149.9500,1
GMH9,14:12:25,139565.0000,1
GMH9,14:12:25,132790.0000,5
GMH9,14:12:47,130143.3600,1
GMH9,14:13:01,131503.8700,2
GMH9,14:13:01,132858.6000,1
GMH9,14:13:01,136885.3000,1
GMH9,14:13:01,135530.0000,17
GMH9,14:13:01,139595.9000,1
GMH9,14:13:01,138217.1400,1
GMH9,14:13:02,132699.8400,1
GMH9,14:13:03,142175.2500,1
GMH9,14:13:03,139462.0000,1
GMH9,14:13:03,138076.3800,1
GMH9,14:13:03,134015.3100,1
GMH9,14:13:04,128602.4500,1
GMH9,14:13:04,142139.5500,3
GMH9,14:13:08,138177.3600,1
GMH9,14:13:08,139532.0400,1
GMH9,14:13:08,130049.2800,1
GMH9,14:13:08,140887.7600,2
GMH9,14:15:06,139525.8600,1
GMH9,14:15:06,140880.4800,1
GMH9,14:15:50,130012.8000,1
GMH9,14:15:58,136863.0800,1
GMH9,14:15:58,140928.3200,1
GMH9,14:15:58,131456.3400,2
GMH9,14:15:58,132824.3000,2
GMH9,14:15:58,135535.0000,2
GMH9,14:15:58,128758.2500,2
GMH9,14:15:58,132824.3000,2
GMH9,14:18:54,136938.8300,2
GMH9,14:18:54,136935.8000,3
GMH9,14:18:54,142359.0000,5
GMH9,14:18:54,135580.0000,5
GMH9,14:18:54,132862.5200,1
GMH9,14:18:54,142353.7500,1
GMH9,14:20:20,139672.1200,1
GMH9,14:23:42,132831.1600,1
GMH9,14:23:42,136897.4200,9
GMH9,14:26:54,139703.0200,1
GMH9,14:29:07,139634.0100,2
GMH9,14:29:47,135521.0000,1
GMH9,14:29:47,140941.8400,1
GMH9,14:29:47,136876.2100,7
GMH9,14:29:47,130157.7600,1
GMH9,14:29:47,134225.1900,1
GMH9,14:29:47,132870.3600,1
GMH9,14:34:20,134274.6900,1
GMH9,14:34:20,128849.4500,1
GMH9,14:38:28,142481.8500,1
GMH9,14:38:28,131630.9400,1
GMH9,14:38:28,132987.9600,1
GMH9,14:39:04,131656.1600,1
GMH9,14:39:12,142517.5500,1
GMH9,14:39:19,135732.0000,2
GMH9,14:39:24,134376.6600,2
GMH9,14:39:48,137086.2900,2
GMH9,14:40:05,135720.0000,1
GMH9,14:40:52,131671.6800,1
GMH9,14:40:56,133015.4000,1
GMH9,14:40:56,141159.2000,2
GMH9,14:40:56,133015.4000,1
GMH9,14:41:19,138461.9400,1
GMH9,14:42:22,130338.2400,6
GMH9,14:44:42,133035.0000,1
GMH9,14:45:01,131695.9300,5
GMH9,14:45:01,141201.8400,2
GMH9,14:50:00,130292.1600,1
GMH9,14:50:00,130292.1600,1
GMH9,14:50:53,141120.7200,1
GMH9,14:54:31,139881.2100,1
GMH9,14:54:31,130375.6800,2
GMH9,14:54:31,129017.6000,1
GMH9,14:54:59,137121.6400,1
GMH9,14:54:59,130333.4400,1
GMH9,14:57:03,142465.0500,1
GMH9,14:57:03,134297.4600,1
GMH9,14:57:03,141086.4000,1
GMH9,14:57:05,139647.4000,1
GMH9,15:01:08,128807.6500,1
GMH9,15:01:08,131519.3900,1
GMH9,15:01:10,131483.5000,1
GMH9,15:01:10,142254.0000,1
GMH9,15:01:10,130059.8400,1
GMH9,15:01:21,142216.2000,1
GMH9,15:01:50,140816.0000,2
GMH9,15:01:50,140816.0000,2
GMH9,15:01:50,142170.0000,1
GMH9,15:03:21,132693.9600,5
GMH9,15:03:23,139464.0600,5
GMH9,15:03:53,138082.5000,1
GMH9,15:03:53,132667.5000,1
GMH9,15:04:09,139430.0700,1
GMH9,15:04:09,136722.6900,1
GMH9,15:04:09,129954.2400,4
GMH9,15:04:42,139465.0900,1
GMH9,15:05:03,138047.8200,1
GMH9,15:05:03,140753.6000,1
GMH9,15:07:05,142215.1500,1
GMH9,15:07:05,140860.7200,1
GMH9,15:07:40,140861.7600,1
GMH9,15:08:11,131446.6400,1
GMH9,15:09:45,139618.5600,1
GMH9,15:14:01,131449.5500,1
GMH9,15:14:26,131493.2000,8
GMH9,15:14:32,135500.0000,1
GMH9,15:15:24,135522.0000,1
GMH9,15:15:24,128739.2500,1
GMH9,15:15:24,139580.4500,1
GMH9,15:20:35,128754.4500,1
GMH9,15:20:35,131465.0700,1
GMH9,15:21:12,132692.9800,2
GMH9,15:21:12,142118.5500,1
GMH9,15:21:12,132609.6800,1
GMH9,15:22:45,132750.8000,1
GMH9,15:25:44,138141.6600,1
GMH9,15:30:55,142183.6500,1
GMH9,15:30:55,140829.5200,1
GMH9,15:31:33,138169.2000,1
GMH9,15:31:33,131396.2000,1
GMH9,15:31:33,136815.6100,1
GMH9,15:31:33,132781.1800,2
GMH9,15:31:33,130080.0000,1
GMH9,15:36:21,135432.0000,1
GMH9,15:40:01,136820.6600,1
GMH9,15:40:10,138178.3800,1
GMH9,15:41:43,140823.2800,2
GMH9,15:41:43,136754.0000,1
GMH9,15:41:43,140777.5200,1
GMH9,15:41:43,128594.8500,1
GMH9,15:41:43,140776.4800,1
GMH9,15:41:43,139383.7200,6
GMH9,15:41:43,128554.0000,1
GMH9,15:41:43,131277.8600,1
GMH9,15:41:43,135323.0000,1
GMH9,15:41:43,131293.3800,1
GMH9,15:41:43,129942.7200,2
GMH9,15:41:43,138070.2600,2
GMH9,15:41:43,135306.0000,1
GMH9,15:41:43,139365.1800,1
GMH9,15:41:43,138009.0600,1
GMH9,15:41:43,140719.2800,1
GMH9,15:41:44,140705.7600,1
GMH9,15:43:27,138042.7200,1
GMH9,15:43:27,136689.3600,1
GMH9,15:45:26,135304.0000,1
GMH9,15:45:26,140716.1600,1
GMH9,15:45:45,131203.1700,1
GMH9,15:45:45,128493.2000,1
GMH9,15:45:46,131235.1800,3
GMH9,15:46:57,141889.6500,1
GMH9,15:47:05,142029.3000,1
GMH9,15:47:05,128502.7000,1
GMH9,15:47:05,139325.0100,1
GMH9,15:47:06,129855.3600,1
GMH9,15:47:27,135267.0000,1
GMH9,15:50:03,136484.3300,1
GMH9,15:50:03,137835.6600,1
GMH9,15:50:04,139185.9600,1
GMH9,15:50:04,132429.3600,1
GMH9,15:50:07,136516.6500,1
GMH9,15:50:28,131078.0400,1
GMH9,15:50:28,129726.7200,1
GMH9,15:50:28,128375.4000,1
GMH9,15:50:28,135132.0000,5
GMH9,15:50:34,140509.2000,1
GMH9,15:50:34,136454.0300,1
GMH9,15:50:34,133749.9900,4
GMH9,15:50:34,135101.0000,4
GMH9,15:50:34,137803.0200,1
GMH9,15:50:36,132404.8600,1
GMH9,15:50:40,133762.8600,1
GMH9,15:50:50,140521.6800,1
GMH9,15:50:50,132417.6000,1
GMH9,15:50:50,129720.9600,2
GMH9,15:50:50,129720.9600,1
GMH9,15:50:50,132423.4800,2
GMH9,15:50:50,133774.7400,1
GMH9,15:50:59,140508.1600,1
GMH9,15:50:59,141859.2000,1
GMH9,15:50:59,141858.1500,1
GMH9,15:50:59,132398.9800,2
GMH9,15:50:59,139153.0000,1
GMH9,15:50:59,140497.7600,1
GMH9,15:51:10,132396.0400,1
GMH9,15:51:10,129690.2400,1
GMH9,15:51:13,133774.7400,1
GMH9,15:51:13,136477.2600,1
GMH9,15:51:13,133774.7400,1
GMH9,15:51:13,128369.7000,1
GMH9,15:51:13,140531.0400,1
GMH9,15:51:13,128369.7000,4
GMH9,15:51:13,131076.1000,1
GMH9,15:51:13,139146.8200,2
GMH9,15:51:13,135094.0000,1
GMH9,15:51:13,129690.2400,2
GMH9,15:51:13,135094.0000,1
GMH9,15:51:13,129690.2400,1
GMH9,15:51:21,140501.9200,1
GMH9,15:51:21,137797.9200,1
GMH9,15:51:21,137800.9800,1
GMH9,15:51:28,131041.1800,2
GMH9,15:51:28,129685.4400,1
GMH9,15:51:28,139141.6700,1
GMH9,15:51:28,135032.0000,1
GMH9,15:51:28,141783.6000,1
GMH9,15:55:15,141843.4500,1
GMH9,15:55:30,133748.0100,1
GMH9,15:56:07,140502.9600,1
GMH9,15:56:07,140502.9600,2
GMH9,15:56:10,139154.0300,1
GMH9,15:57:31,141807.7500,1
GMH9,15:58:45,129654.7200,1
GMH9,15:58:45,136385.3500,1
GMH9,15:58:45,129630.7200,1
GMH9,15:58:45,137757.1200,1
GMH9,15:58:45,131006.2600,2
GMH9,15:58:45,140465.5200,2
GMH9,15:58:59,128345.9500,1
GMH9,15:59:12,130981.0400,2
GMH9,15:59:12,135031.0000,1
GMH9,16:00:04,128254.7500,1
GMH9,16:00:04,135005.0000,1
GMH9,16:00:26,139056.1800,1
GMH9,16:00:26,140405.2000,1
GMH9,16:00:26,136357.0700,1
GMH9,16:00:43,130954.8500,1
GMH9,16:01:04,130974.2500,1
GMH9,16:01:04,135049.0000,3
GMH9,16:01:22,137729.5800,1
GMH9,16:01:22,135033.0000,1
GMH9,16:01:50,129610.5600,1
GMH9,16:02:00,130976.1900,1
GMH9,16:02:03,128254.7500,2
GMH9,16:02:03,135005.0000,2
GMH9,16:02:03,137705.1000,1
GMH9,16:02:03,141755.2500,1
GMH9,16:02:03,132304.9000,1
GMH9,16:02:03,130954.8500,1
GMH9,16:02:03,128250.0000,1
GMH9,16:02:03,128250.0000,3
GMH9,16:02:03,132300.0000,2
GMH9,16:02:03,129600.0000,3
GMH9,16:02:03,128250.0000,2
GMH9,16:02:03,132300.0000,1
GMH9,16:02:03,135000.0000,2
GMH9,16:02:03,133650.0000,2
GMH9,16:02:03,136350.0000,2
GMH9,16:02:03,139050.0000,1
GMH9,16:02:03,140400.0000,2
GMH9,16:02:03,128250.0000,2
GMH9,16:02:04,134980.0000,1
GMH9,16:02:04,137679.6000,1
GMH9,16:02:04,133630.2000,1
GMH9,16:02:04,132280.4000,1
GMH9,16:02:04,140379.2000,5
GMH9,16:02:04,132280.4000,1
GMH9,16:02:04,141729.0000,1
GMH9,16:02:04,137659.2000,1
GMH9,16:02:14,134964.0000,1
GMH9,16:02:14,129566.4000,1
GMH9,16:02:14,132266.6800,1
GMH9,16:02:20,130918.9600,1
GMH9,16:02:36,141704.8500,1
GMH9,16:02:36,137655.1200,1
GMH9,16:02:36,132256.8800,6
GMH9,16:03:01,128246.2000,1
GMH9,16:03:01,133647.0300,1
GMH9,16:04:56,138985.1100,2
GMH9,16:06:18,137664.3000,2
GMH9,16:06:18,141734.2500,2
GMH9,16:06:18,133652.9700,1
GMH9,16:06:18,141753.1500,1
GMH9,16:07:14,130940.3000,2
GMH9,16:07:14,129577.9200,1
GMH9,16:07:53,129528.9600,1
GMH9,16:07:53,130877.2500,1
GMH9,16:07:53,130872.4000,1
GMH9,16:13:41,139041.7600,1
GMH9,16:14:24,136344.9500,1
GMH9,16:14:33,130901.5000,2
GMH9,16:14:33,134950.0000,2
GMH9,16:14:33,138998.5000,1
GMH9,16:14:33,134950.0000,4
GMH9,16:14:33,133600.5000,3
GMH9,16:15:34,130903.4400,1
GMH9,16:15:35,134870.0000,1
GMH9,16:15:52,137639.8200,1
GMH9,16:20:59,132221.6000,1
GMH9,16:21:27,138992.3200,1
GMH9,16:21:27,129546.2400,4
GMH9,16:21:27,141691.2000,1
GMH9,16:24:11,130905.3800,1
GMH9,16:27:50,139003.6500,1
GMH9,16:28:21,137585.7600,1
GMH9,16:28:26,141613.5000,1
GMH9,16:28:26,130825.8400,5
GMH9,16:28:26,140300.1600,1
GMH9,16:28:26,141650.2500,1
GMH9,16:29:40,137551.0800,1
GMH9,16:29:45,141565.2000,1
GMH9,16:29:45,138868.7200,1
GMH9,16:29:45,129431.0400,3
GMH9,16:29:45,140216.9600,1
GMH9,16:29:45,133452.0000,1
GMH9,16:29:45,128060.0000,3
GMH9,16:29:45,129408.0000,2
GMH9,16:29:46,133452.0000,2
GMH9,16:29:46,137496.0000,5
GMH9,16:29:46,141540.0000,3
GMH9,16:29:46,137496.0000,1
GMH9,16:29:46,138844.0000,2
GMH9,16:30:05,136102.5500,1
GMH9,16:30:05,137445.0000,1
GMH9,16:30:05,132055.0000,1
GMH9,16:30:05,140140.0000,1
GMH9,16:30:05,140140.0000,1
GMH9,16:30:34,138838.8500,1
GMH9,16:30:34,132099.1000,1
GMH9,16:30:35,141537.9000,1
GMH9,16:30:54,140140.0000,1
GMH9,16:30:54,141487.5000,1
GMH9,16:30:54,132055.0000,1
GMH9,16:31:29,138844.0000,1
GMH9,16:33:41,132056.9600,1
GMH9,16:33:41,134755.0000,1
GMH9,16:33:41,137450.1000,1
GMH9,16:33:41,132059.9000,3
GMH9,16:33:41,133407.4500,1
GMH9,16:33:41,138797.6500,1
GMH9,16:33:41,141492.7500,1
GMH9,16:33:41,134755.0000,1
GMH9,16:33:41,132059.9000,2
GMH9,16:33:41,134793.0000,1
GMH9,16:33:41,133445.0700,1
GMH9,16:33:41,134793.0000,2
GMH9,16:33:41,132097.1400,1
GMH9,16:35:30,128013.4500,1
GMH9,16:36:18,136173.2500,1
GMH9,16:36:18,140234.6400,1
GMH9,16:36:18,140234.6400,1
GMH9,16:36:18,130814.2000,2
GMH9,16:36:18,134860.0000,2
GMH9,16:36:18,138905.8000,6
GMH9,16:36:18,128158.8000,1
GMH9,16:36:18,129512.6400,1
GMH9,16:36:18,140305.3600,2
GMH9,16:39:41,135103.0000,1
GMH9,16:39:52,128300.3500,1
GMH9,16:40:17,137780.5800,1
GMH9,16:40:46,135105.0000,2
GMH9,16:41:31,131058.6400,1
GMH9,16:41:31,129650.8800,4
GMH9,16:41:31,137754.0600,1
GMH9,16:41:31,137754.0600,1
GMH9,16:41:31,128300.3500,1
GMH9,16:41:31,132351.9400,4
GMH9,16:41:31,141805.6500,1
GMH9,16:41:31,131001.4100,6
GMH9,16:41:31,129650.8800,1
GMH9,16:43:28,129614.4000,1
GMH9,16:43:28,135015.0000,1
GMH9,16:43:28,140416.6400,1
GMH9,16:52:53,138987.1700,2
GMH9,16:52:53,138987.1700,2
GMH9,16:52:53,138987.1700,2
GMH9,16:52:53,132248.0600,2
GMH9,16:52:53,136296.4700,1
GMH9,16:52:53,141694.3500,1
GMH9,16:52:53,129549.1200,1
GMH9,16:52:53,130898.5900,1
GMH9,16:52:53,130912.1700,1
GMH9,16:53:29,134900.0000,5
GMH9,16:55:04,140141.0400,1
GMH9,16:55:04,134751.0000,2
GMH9,16:55:04,130707.5000,2
GMH9,16:55:04,141487.5000,1
GMH9,16:55:04,137445.0000,1
GMH9,16:55:04,132035.4000,1
GMH9,16:56:30,130672.5800,1
GMH9,16:57:33,140089.0400,1
GMH9,16:57:33,136047.0000,1
GMH9,16:57:40,127951.7000,1
GMH9,16:57:55,140063.0400,1
GMH9,16:57:56,141418.2000,1
GMH9,16:57:56,131990.3200,2
GMH9,16:58:22,129297.6000,1
GMH9,16:58:22,130644.4500,2
GMH9,16:58:22,127950.7500,2
GMH9,16:58:22,134685.0000,1
GMH9,16:58:22,137464.3800,1
GMH9,16:58:22,136139.9200,2
GMH9,16:58:22,136139.9200,2
GMH9,16:58:26,130744.3600,1
GMH9,16:58:47,134768.0000,1
GMH9,17:01:26,140133.7600,5
GMH9,17:01:26,128026.7500,2
GMH9,17:01:26,136113.6600,1
GMH9,17:01:48,129394.5600,1
GMH9,17:01:48,137481.7200,1
GMH9,17:05:25,133448.0400,1
GMH9,17:05:25,134754.0000,1
GMH9,17:06:03,132084.4000,1
GMH9,17:08:56,128068.5500,1
GMH9,17:08:56,133461.9000,1
GMH9,17:08:56,128069.5000,2
GMH9,17:09:00,129417.6000,1
GMH9,17:10:32,137570.4600,1
GMH9,17:11:32,141551.5500,1
GMH9,17:11:32,141550.5000,1
GMH9,17:11:48,137500.0800,1
GMH9,17:11:48,138844.0000,1
GMH9,17:11:48,128047.6500,1
GMH9,17:12:02,140211.7600,1
GMH9,17:12:12,140214.8800,1
GMH9,17:14:35,138863.5700,1
GMH9,17:14:48,141542.1000,1
GMH9,17:16:08,134820.0000,1
GMH9,17:29:21,129576.9600,1
GMH9,17:29:21,129576.9600,1
GMH9,17:32:01,137712.2400,1
GMH9,17:34:39,141545.2500,1
GMH9,17:34:39,140196.1600,1
GMH9,17:34:39,130757.9400,1
GMH9,17:34:53,129361.9200,1
GMH9,17:34:53,129360.0000,1
GMH9,17:34:54,127993.5000,1
GMH9,17:35:34,140036.0000,1
GMH9,17:35:34,131964.8400,1
GMH9,17:35:34,134658.0000,1
GMH9,17:35:49,138591.6500,1
GMH9,17:35:49,139937.2000,1
GMH9,17:35:49,135899.5400,1
GMH9,17:35:49,141270.1500,1
GMH9,17:36:51,130505.7400,1
GMH9,17:36:51,141254.4000,1
GMH9,17:36:51,141241.8000,2
GMH9,17:38:51,138548.3900,1
GMH9,17:40:05,129124.8000,1
GMH9,17:40:05,133159.9500,1
GMH9,17:40:05,137190.0000,1
GMH9,17:40:05,135845.0000,1
GMH9,17:40:05,141172.5000,1
GMH9,17:40:06,127756.0000,1
GMH9,17:40:06,137096.1600,1
GMH9,17:40:09,138378.4400,1
GMH9,17:40:10,132957.0000,1
GMH9,17:40:10,127585.0000,1
GMH9,17:40:10,127576.4500,2
GMH9,17:40:10,131597.3400,2
GMH9,17:40:10,131592.4400,5
GMH9,17:40:10,132935.2200,2
GMH9,17:40:10,135620.7800,2
GMH9,17:40:10,132914.4300,2
GMH9,17:40:10,136936.0200,2
GMH9,17:40:10,131535.6000,7
GMH9,17:40:10,127548.9000,1
GMH9,17:40:11,128963.5200,1
GMH9,17:40:23,131565.0000,1
GMH9,17:40:44,139579.4400,1
GMH9,17:40:44,140921.5500,1
GMH9,17:41:13,131614.9800,1
GMH9,17:41:13,134301.0000,1
GMH9,17:41:29,131621.8400,1
GMH9,17:42:25,132964.9200,1
GMH9,17:42:25,135651.0800,3
GMH9,17:42:50,127537.5000,1
GMH9,17:43:51,131719.8400,1
GMH9,17:45:05,134263.0000,1
GMH9,17:45:05,132920.3700,1
GMH9,17:45:05,138289.8600,1
GMH9,17:45:05,138287.8000,1
GMH9,17:45:05,135592.5000,3
GMH9,17:45:05,132888.6900,2
GMH9,17:45:05,138257.9300,1
GMH9,17:45:05,136894.2000,1
GMH9,17:45:06,140920.5000,1
GMH9,17:45:06,134200.0000,1
GMH9,17:45:06,127490.0000,2
GMH9,17:45:06,128812.8000,2
GMH9,17:45:48,130309.8000,1
GMH9,17:45:48,128966.4000,1
GMH9,17:45:48,138370.2000,1
GMH9,17:46:01,134341.0000,1
GMH9,17:46:22,132997.5900,18
GMH9,17:46:22,127623.9500,7
GMH9,17:46:22,137113.5000,1
GMH9,17:46:57,134424.0000,1
GMH9,17:46:57,138456.7200,1
GMH9,17:46:57,131735.5200,3
GMH9,17:46:57,139807.2000,2
GMH9,17:46:57,133085.7000,2
GMH9,17:46:58,138472.1700,1
GMH9,17:48:27,130573.6400,1
GMH9,17:51:22,137169.6000,6
GMH9,17:51:22,127756.0000,2
GMH9,17:51:22,131790.4000,2
GMH9,17:55:13,139866.4800,1
GMH9,17:55:56,127809.2000,1
GMH9,17:57:36,137263.4400,3
GMH9,17:57:36,130534.8400,1
GMH9,17:57:36,134591.0000,4
GMH9,17:59:19,135950.0400,1
GMH9,17:59:19,133258.9500,1
GMH9,17:59:19,135949.0300,1
GMH9,17:59:22,141326.8500,1
GMH9,17:59:22,134500.0000,5
GMH9,18:01:08,134514.0000,1
GMH9,18:01:42,129136.3200,1
GMH9,18:01:49,130456.2700,1
GMH9,18:02:41,130450.4500,1
GMH9,18:06:23,131878.6000,1
GMH9,18:14:41,139927.8400,1
GMH9,18:14:41,137235.9000,1
GMH9,18:15:07,131840.3800,1
GMH9,18:15:32,141253.3500,1
GMH9,18:15:32,131810.0000,1
GMH9,18:15:33,130392.2500,1
GMH9,18:15:33,135769.2500,1
GMH9,18:20:13,135771.2700,1
GMH9,18:20:13,135771.2700,1
GMH9,18:21:17,129032.6400,1
GMH9,18:21:17,134409.0000,2
GMH9,18:22:29,139786.4000,1
GMH9,18:22:52,137123.7000,1
GMH9,18:29:53,141176.7000,1
GMH9,18:31:12,129085.4400,1
GMH9,18:31:12,141189.3000,5
GMH9,18:34:49,141107.4000,1
GMH9,18:34:49,131700.2400,1
GMH9,18:36:00,127661.0000,1
GMH9,18:37:41,127661.0000,1
GMH9,18:37:57,137024.7600,1
GMH9,18:37:57,139707.3600,1
GMH9,18:37:57,132990.6600,5
GMH9,18:38:30,139776.0000,1
GMH9,18:38:30,131712.0000,2
GMH9,18:38:42,138461.8700,1
GMH9,18:38:42,141150.4500,1
GMH9,18:38:42,134462.0000,2
GMH9,18:38:42,138504.1000,2
GMH9,18:39:15,128960.6400,4
GMH9,18:39:15,131634.5800,1
GMH9,18:40:05,139860.2400,1
GMH9,18:42:11,131631.6400,1
GMH9,18:43:22,137025.7800,1
GMH9,19:00:05,144697.3500,1
GMH9,19:00:05,137807.0000,1
GMH9,19:00:07,140548.8600,1
GMH9,19:01:11,143293.2800,1
GMH9,19:01:58,132325.4400,1
GMH9,19:01:58,135083.2000,1
GMH9,19:02:04,139238.6000,1
GMH9,19:02:50,144709.9500,1
GMH9,19:03:15,144704.7000,1
GMH9,19:03:38,137814.0000,1
GMH9,19:05:04,130920.4500,1
GMH9,19:05:04,139189.1100,1
GMH9,19:05:50,139188.1000,1
GMH9,19:06:10,132373.4400,1
GMH9,19:06:10,144786.6000,3
GMH9,19:19:08,144600.7500,1
GMH9,19:19:08,141846.4500,2
GMH9,19:19:57,137711.0000,1
GMH9,19:20:00,140469.3000,1
GMH9,19:28:00,143310.9600,1
GMH9,19:29:36,133706.7400,1
GMH9,19:29:37,136468.5300,1
GMH9,19:29:37,140607.0000,1
GMH9,19:29:37,132375.3600,1
GMH9,19:29:37,133754.2700,1
GMH9,19:29:37,136513.0800,1
GMH9,19:29:39,131074.3500,1
GMH9,19:29:40,133855.1500,1
GMH9,19:29:41,142130.7300,2
GMH9,19:29:44,136521.0000,1
GMH9,19:29:44,140658.0000,1
GMH9,19:30:00,135068.5000,1
GMH9,19:30:00,136446.7500,1
GMH9,19:30:00,137825.0000,1
GMH9,19:30:00,135068.5000,1
GMH9,19:35:09,140736.5400,1
GMH9,19:35:09,136600.2000,1
GMH9,19:35:09,136606.1400,2
GMH9,19:35:09,142140.0000,1
GMH9,19:35:09,144924.1500,2
GMH9,19:35:09,131164.6000,2
GMH9,19:35:09,139465.8500,1
GMH9,19:35:19,143737.3600,1
GMH9,19:35:19,134065.6400,2
GMH9,19:35:19,136831.8600,4
GMH9,19:38:12,131069.6000,1
GMH9,19:48:22,141936.0600,1
GMH9,19:48:22,144691.0500,1
GMH9,20:38:45,142029.7900,1
GMH9,20:47:36,136412.1000,1
GMH9,20:48:00,141923.7000,1
GMH9,20:48:00,132278.4000,1
GMH9,21:19:03,139380.0000,1
GMH9,21:19:34,142150.3000,1
GMH9,21:19:38,138000.0000,1
GMH9,21:19:41,131072.4500,2
GMH9,21:20:38,130919.5000,1
GMH9,21:20:50,136514.0700,2
GMH9,21:21:03,140647.8000,2
GMH9,21:21:48,130987.9000,2
GMH9,22:14:58,143410.8000,1
GMH9,22:15:07,136516.0500,1
GMH9,23:10:46,137894.0000,1
GMH9,23:49:47,143360.8800,1
GMH9,10:00:03,144537.7500,1
GMH9,10:00:03,134923.4600,1
GMH9,10:00:03,140431.5600,1
GMH9,10:00:05,138985.0900,1
GMH9,10:00:55,133549.6000,1
GMH9,10:00:58,140472.3600,1
GMH9,10:01:22,130831.1500,1
GMH9,10:01:22,132208.3200,1
GMH9,10:01:22,143225.6800,1
GMH9,10:01:22,133586.4600,1
GMH9,10:01:22,143227.7600,1
GMH9,10:01:45,144523.0500,1
GMH9,10:01:45,133509.8300,1
GMH9,10:01:45,133507.8900,1
GMH9,10:01:46,136303.2000,1
GMH9,10:02:19,136300.2300,2
GMH9,10:02:38,133504.0100,1
GMH9,10:02:42,137634.0000,1
GMH9,10:03:04,132126.7200,1
GMH9,10:03:08,133465.2100,2
GMH9,10:03:08,136226.9700,1
GMH9,10:03:15,136281.4200,2
GMH9,10:03:31,143280.8000,2
GMH9,10:03:31,139147.7000,2
GMH9,10:03:31,132259.2000,2
GMH9,10:03:31,133636.9000,2
GMH9,10:03:33,133818.2900,1
GMH9,10:03:33,136597.2300,1
GMH9,10:03:34,133837.6900,1
GMH9,10:03:34,132458.8800,1
GMH9,10:03:35,136620.9900,1
GMH9,10:03:35,136621.9800,1
GMH9,10:03:41,137843.0000,1
GMH9,10:03:41,141978.2900,1
GMH9,10:03:41,137842.0000,2
GMH9,10:03:41,144714.1500,2
GMH9,10:03:41,144694.2000,2
GMH9,10:03:41,130950.8500,1
GMH9,10:03:41,132286.0800,2
GMH9,10:03:41,141932.9700,1
GMH9,10:03:41,143304.7200,1
GMH9,10:03:41,132281.2800,1
GMH9,10:03:41,132257.2800,1
GMH9,10:03:41,139145.6800,1
GMH9,10:05:11,139024.4800,1
GMH9,10:05:43,132197.7600,1
GMH9,10:06:13,136303.2000,1
GMH9,10:06:28,136269.5400,1
GMH9,10:08:14,130874.8500,1
GMH9,10:08:14,137763.0000,1
GMH9,10:10:26,133815.3800,1
GMH9,10:10:26,133815.3800,1
GMH9,10:10:26,142093.6500,2
GMH9,10:10:26,136611.0900,1
GMH9,10:10:26,142130.7300,1
GMH9,10:10:26,135301.7400,2
GMH9,10:10:35,140859.9600,1
GMH9,10:10:35,140860.9800,2
GMH9,10:10:35,145013.4000,1
GMH9,10:10:47,131110.4500,1
GMH9,10:10:47,135250.7800,1
GMH9,10:10:47,144911.5500,1
GMH9,10:10:47,140768.1600,8
GMH9,10:10:47,140768.1600,1
GMH9,10:12:54,131057.2500,1
GMH9,10:12:54,136575.4500,1
GMH9,10:13:03,144760.3500,1
GMH9,10:13:03,143381.6800,1
GMH9,10:13:03,144759.3000,1
GMH9,10:13:03,143364.0000,2
GMH9,10:13:03,141980.3500,2
GMH9,10:13:03,141955.6300,3
GMH9,10:14:03,144738.3000,1
GMH9,10:14:35,137765.0000,1
GMH9,10:14:55,133597.1300,1
GMH9,10:14:55,136347.7500,1
GMH9,10:15:42,133632.0500,1
GMH9,10:15:43,130948.9500,1
GMH9,10:16:32,144738.3000,2
GMH9,10:16:32,130957.5000,1
GMH9,10:16:32,135099.8600,2
GMH9,10:16:32,130986.0000,1
GMH9,10:16:32,142020.5200,1
GMH9,10:16:32,133747.4800,1
GMH9,10:16:32,132369.6000,1
GMH9,10:16:38,142001.9800,1
GMH9,10:16:51,143400.4000,1
GMH9,10:17:22,136424.9700,1
GMH9,10:20:50,139182.0400,1
GMH9,10:20:50,143263.1200,1
GMH9,10:22:25,140454.0000,1
GMH9,10:22:25,143208.0000,4
GMH9,10:22:25,130814.0500,1
GMH9,10:22:25,132186.2400,2
GMH9,10:22:25,134926.4000,2
GMH9,10:22:25,133548.6300,2
GMH9,10:22:25,130780.8000,1
GMH9,10:22:25,132153.6000,40
GMH9,10:22:25,130767.5000,2
GMH9,10:22:25,144527.2500,2
GMH9,10:22:25,133515.6500,8
GMH9,10:22:25,132092.1600,10
GMH9,10:22:25,136220.0400,2
GMH9,10:22:25,144475.8000,1
GMH9,10:22:25,132092.1600,25
GMH9,10:22:25,130625.0000,1
GMH9,10:22:25,141615.7300,1
GMH9,10:22:25,138857.8300,1
GMH9,10:22:25,130629.7500,1
GMH9,10:22:25,130629.7500,2
GMH9,10:22:25,143005.2000,6
GMH9,10:22:25,130623.1000,2
GMH9,10:22:25,130629.7500,2
GMH9,10:22:25,137482.0000,1
GMH9,10:22:25,144356.1000,1
GMH9,10:22:25,144376.0500,1
GMH9,10:22:25,130617.4000,8
GMH9,10:22:25,131973.1200,5
GMH9,10:22:25,140214.3000,1
GMH9,10:22:25,130628.8000,1
GMH9,10:22:25,133394.4000,1
GMH9,10:22:25,142962.5600,2
GMH9,10:22:25,144344.5500,1
GMH9,10:22:25,138787.1300,1
GMH9,10:22:25,137413.0000,1
GMH9,10:22:27,140107.2000,4
GMH9,10:22:40,137361.0000,1
GMH9,10:22:55,131865.6000,1
GMH9,10:22:55,141507.5800,1
GMH9,10:23:11,140077.6200,1
GMH9,10:23:32,138774.0000,1
GMH9,10:23:46,134583.4000,2
GMH9,10:23:46,138678.0500,1
GMH9,10:23:46,144170.2500,1
GMH9,10:23:46,134554.0000,1
GMH9,10:23:46,142792.0000,1
GMH9,10:23:46,140046.0000,1
GMH9,10:23:46,140046.0000,2
GMH9,10:23:46,137300.0000,1
GMH9,10:23:46,133181.0000,2
GMH9,10:23:46,140046.0000,1
GMH9,10:23:46,142792.0000,2
GMH9,10:23:46,138652.8000,1
GMH9,10:23:46,141398.4000,1
GMH9,10:23:46,142771.2000,1
GMH9,10:23:46,131788.8000,1
GMH9,10:23:56,144117.7500,1
GMH9,10:23:57,140001.1200,1
GMH9,10:24:01,138628.5600,1
GMH9,10:24:01,135883.4400,1
GMH9,10:24:02,135882.4500,1
GMH9,10:24:02,137243.0000,1
GMH9,10:24:09,139991.9400,1
GMH9,10:24:13,141383.9800,1
GMH9,10:27:00,137262.0000,1
GMH9,10:27:02,130400.8000,1
GMH9,10:28:03,130444.5000,5
GMH9,10:29:26,133283.8200,1
GMH9,10:29:37,134658.8600,1
GMH9,10:29:45,131910.7200,1
GMH9,10:29:55,134659.8400,1
GMH9,10:30:10,137433.0000,2
GMH9,10:30:51,141561.1400,2
GMH9,10:30:51,133326.5000,2
GMH9,10:40:24,130580.3500,1
GMH9,10:40:24,144346.6500,1
GMH9,10:40:24,140222.4600,1
GMH9,10:40:24,141603.3700,1
GMH9,10:40:24,138853.7900,1
GMH9,10:40:24,137481.0000,1
GMH9,10:40:24,136106.1900,2
GMH9,10:40:24,133355.6000,1
GMH9,10:40:24,131980.8000,1
GMH9,10:40:24,142979.2000,5
GMH9,10:40:24,138854.8000,3
GMH9,10:40:24,134728.4400,10
GMH9,10:40:24,142977.1200,10
GMH9,10:40:24,137476.0000,2
GMH9,10:40:24,141604.4000,1
GMH9,10:40:24,141604.4000,3
GMH9,10:40:24,134730.4000,1
GMH9,10:40:24,137479.0000,1
GMH9,10:41:30,133231.4400,1
GMH9,10:41:30,131857.9200,1
GMH9,10:41:30,130483.4500,1
GMH9,10:41:30,131856.9600,1
GMH9,10:41:30,135977.4900,1
GMH9,10:41:30,140098.0200,1
GMH9,10:41:30,138724.5100,1
GMH9,10:42:46,135799.2900,1
GMH9,10:42:46,138542.7100,1
GMH9,10:42:46,135799.2900,4
GMH9,10:42:46,144092.5500,1
GMH9,10:42:47,139929.7200,1
GMH9,10:42:47,139929.7200,1
GMH9,10:45:22,134407.0000,1
GMH9,10:45:22,139893.0000,2
GMH9,10:45:22,131625.6000,2
GMH9,10:45:22,139847.1000,1
GMH9,10:45:22,137105.0000,1
GMH9,10:45:22,138476.0500,3
GMH9,10:45:22,134362.9000,1
GMH9,10:45:22,130249.7500,1
GMH9,10:45:22,141190.3400,1
GMH9,10:45:22,138398.2800,1
GMH9,10:45:22,138398.2800,1
GMH9,10:45:22,139757.3400,2
GMH9,10:45:22,137007.0000,2
GMH9,10:45:22,131524.8000,15
GMH9,10:45:22,130154.7500,3
GMH9,10:45:22,132894.8500,22
GMH9,10:45:22,139741.0200,1
GMH9,10:45:22,134260.0000,1
GMH9,10:45:22,137000.0000,1
GMH9,10:45:22,142480.0000,1
GMH9,10:45:22,134215.9000,3
GMH9,10:45:22,136977.0000,2
GMH9,10:45:22,136980.0000,3
GMH9,10:45:22,142404.0800,1
GMH9,10:45:23,130126.2500,1
GMH9,10:45:23,135634.9500,1
GMH9,10:45:24,141025.5400,2
GMH9,10:45:28,134095.3600,1
GMH9,10:45:28,138185.1700,1
GMH9,10:45:28,139553.3400,1
GMH9,10:45:28,139633.9200,1
GMH9,10:45:29,134177.6800,2
GMH9,10:46:09,131620.8000,1
GMH9,10:46:18,138547.7600,1
GMH9,10:46:18,141293.3400,1
GMH9,10:46:18,141356.1700,1
GMH9,10:46:18,139986.8400,1
GMH9,10:46:29,139984.8000,1
GMH9,10:46:29,144048.4500,2
GMH9,10:46:29,141285.1000,2
GMH9,10:46:41,133018.0400,1
GMH9,10:46:41,131646.7200,1
GMH9,10:48:02,135804.2400,1
GMH9,10:48:02,131710.0800,1
GMH9,10:49:14,138648.7600,1
GMH9,10:49:14,142767.0400,1
GMH9,10:49:23,135904.2300,2
GMH9,10:49:31,137299.0000,2
GMH9,10:50:12,131723.5200,1
GMH9,10:50:12,131723.5200,1
GMH9,10:54:20,142712.9600,1
GMH9,10:57:52,139995.0000,1
GMH9,11:00:01,138716.4300,1
GMH9,11:00:01,134597.1200,1
GMH9,11:00:01,138718.4500,2
GMH9,11:00:01,130492.0000,2
GMH9,11:00:01,142871.0400,1
GMH9,11:00:01,131884.8000,5
GMH9,11:00:01,138731.5800,6
GMH9,11:00:01,137381.0000,2
GMH9,11:00:29,136026.0000,1
GMH9,11:00:29,138816.4200,2
GMH9,11:01:27,138876.0100,1
GMH9,11:02:21,138925.5000,1
GMH9,11:02:23,137583.0000,1
GMH9,11:02:29,138886.1100,1
GMH9,11:03:08,140290.8000,1
GMH9,11:03:45,133384.7000,1
GMH9,11:03:45,133372.0900,1
GMH9,11:03:45,140246.9400,1
GMH9,11:03:45,130622.1500,1
GMH9,11:03:45,133372.0900,1
GMH9,11:03:45,137483.0000,1
GMH9,11:03:45,144357.1500,1
GMH9,11:03:45,140218.3800,1
GMH9,11:03:45,144342.4500,1
GMH9,11:03:45,141579.6800,1
GMH9,11:03:45,131982.7200,1
GMH9,11:03:45,141555.9900,1
GMH9,11:03:45,131877.1200,1
GMH9,11:03:45,135998.2800,1
GMH9,11:03:45,142944.8800,1
GMH9,11:03:45,142930.3200,1
GMH9,11:03:45,134645.1400,1
GMH9,11:03:46,133296.4300,1
GMH9,11:03:46,141555.9900,1
GMH9,11:03:46,136049.7600,1
GMH9,11:03:46,131927.0400,1
GMH9,11:03:46,140173.5000,1
GMH9,11:03:46,140181.6600,1
GMH9,11:03:46,134693.1600,1
GMH9,11:03:46,142901.2000,1
GMH9,11:03:46,136044.8100,1
GMH9,11:05:52,144167.1000,1
GMH9,11:08:28,135894.3300,1
GMH9,11:14:09,142879.3600,10
GMH9,11:14:09,133319.7100,2
GMH9,11:14:09,140193.9000,1
GMH9,11:15:59,132031.6800,5
GMH9,11:16:01,144376.0500,1
GMH9,11:17:40,141733.1500,1
GMH9,11:17:41,141733.1500,2
GMH9,11:17:44,140331.6000,1
GMH9,11:19:00,139075.9900,1
GMH9,11:19:30,139123.4600,1
GMH9,11:19:30,141878.3800,2
GMH9,11:19:30,134993.0400,1
GMH9,11:21:12,133666.0000,2
GMH9,11:21:27,144691.0500,1
GMH9,11:22:00,142022.5800,1
GMH9,11:22:00,143401.4400,1
GMH9,11:22:00,132372.4800,2
GMH9,11:22:00,137893.0000,1
GMH9,11:22:00,132377.2800,1
GMH9,11:22:00,130998.3500,1
GMH9,11:22:00,130998.3500,1
GMH9,11:22:00,143404.5600,2
GMH9,11:22:00,132383.0400,1
GMH9,11:22:00,132383.0400,1
GMH9,11:22:00,131004.0500,1
GMH9,11:22:00,136520.0100,1
GMH9,11:22:00,142044.2100,1
GMH9,11:22:00,132390.7200,1
GMH9,11:22:00,132390.7200,1
GMH9,11:22:00,143423.2800,1
GMH9,11:22:00,133774.6400,1
GMH9,11:22:00,139291.1200,1
GMH9,11:22:00,131016.4000,1
GMH9,11:22:00,140670.2400,1
GMH9,11:22:00,144807.6000,1
GMH9,11:22:00,142049.3600,1
GMH9,11:22:00,131016.4000,1
GMH9,11:22:56,130989.8000,1
GMH9,11:22:56,132368.6400,1
GMH9,11:22:56,143398.3200,2
GMH9,11:25:24,137976.0000,2
GMH9,11:25:53,137941.0000,1
GMH9,11:26:04,139378.9900,1
GMH9,11:26:04,132479.0400,1
GMH9,11:26:04,138000.0000,1
GMH9,11:26:04,140761.0200,1
GMH9,11:26:31,135218.4400,2
GMH9,11:26:31,133838.6600,1
GMH9,11:28:12,133908.5000,2
GMH9,11:28:12,138051.0000,1
GMH9,11:29:29,139382.0200,1
GMH9,11:29:29,133860.9700,1
GMH9,11:29:29,133818.2900,1
GMH9,11:31:16,131043.0000,1
GMH9,11:31:26,142035.9700,1
GMH9,11:31:26,144793.9500,1
GMH9,11:31:26,144793.9500,1
GMH9,11:31:26,136520.0100,1
GMH9,11:31:26,133762.0300,3
GMH9,11:31:26,132383.0400,1
GMH9,11:31:26,142035.9700,1
GMH9,11:31:26,136520.0100,3
GMH9,11:31:26,132383.0400,1
GMH9,11:31:26,132383.0400,3
GMH9,11:31:37,135042.0400,1
GMH9,11:31:40,132287.0400,1
GMH9,11:31:41,136432.8900,1
GMH9,11:31:41,137799.0000,1
GMH9,11:31:41,139157.8000,2
GMH9,11:31:41,132262.0800,2
GMH9,11:31:41,140505.0000,14
GMH9,11:33:27,144721.5000,1
GMH9,11:34:31,132318.7200,1
GMH9,11:36:05,139129.5200,1
GMH9,11:36:05,139127.5000,1
GMH9,11:36:05,136372.5000,1
GMH9,11:36:05,141882.5000,1
GMH9,11:36:05,144636.4500,1
GMH9,11:36:05,141875.2900,1
GMH9,11:36:05,134988.1400,1
GMH9,11:36:50,143315.1200,1
GMH9,11:36:50,140559.0600,4
GMH9,11:36:58,144649.0500,2
GMH9,11:36:58,133617.5000,2
GMH9,11:36:58,134961.6800,2
GMH9,11:36:58,136316.0700,1
GMH9,11:36:58,133562.2100,1
GMH9,11:37:10,144645.9000,1
GMH9,11:37:10,144645.9000,1
GMH9,11:37:24,144645.9000,1
GMH9,11:37:24,141890.7400,1
GMH9,11:37:33,140532.5400,2
GMH9,11:37:43,139137.6000,2
GMH9,11:37:43,130872.0000,1
GMH9,11:37:54,139157.8000,2
GMH9,11:41:04,143199.6800,1
GMH9,11:41:04,143199.6800,1
GMH9,11:41:04,130806.4500,1
GMH9,11:41:04,144571.3500,4
GMH9,11:45:52,130840.6500,1
GMH9,11:45:52,139104.2700,1
GMH9,11:46:01,137739.0000,1
GMH9,11:46:15,134985.2000,6
GMH9,11:47:19,134897.9800,1
GMH9,11:47:19,143157.0400,1
GMH9,11:47:19,136273.5000,1
GMH9,11:50:08,143060.3200,1
GMH9,11:50:08,141683.7100,1
GMH9,11:50:08,143059.2800,1
GMH9,11:50:17,133424.4700,1
GMH9,11:50:51,130680.1000,1
GMH9,11:50:53,140309.1600,1
GMH9,11:50:53,134835.2600,1
GMH9,11:51:37,136179.4500,1
GMH9,11:51:37,136179.4500,3
GMH9,11:51:43,140265.3000,1
GMH9,11:56:07,134805.8600,1
GMH9,11:56:08,141705.3400,1
GMH9,11:56:08,143081.1200,1
GMH9,11:56:48,133375.9700,1
GMH9,11:56:48,130625.0000,1
GMH9,11:56:48,133375.0000,1
GMH9,11:57:44,132058.5600,1
GMH9,11:59:19,136227.9600,1
GMH9,12:00:05,140331.6000,1
GMH9,12:01:07,136270.5300,1
GMH9,12:07:43,138901.2600,1
GMH9,12:17:35,137445.0000,1
GMH9,12:17:35,137445.0000,1
GMH9,12:17:35,134689.2400,1
GMH9,12:17:35,136056.6900,1
GMH9,12:17:35,130554.7000,1
GMH9,12:23:18,141726.9700,1
GMH9,12:23:18,133471.0300,1
GMH9,12:23:18,132096.0000,1
GMH9,12:23:18,140354.0400,2
GMH9,12:24:19,133467.1500,1
GMH9,12:25:53,134859.7600,1
GMH9,12:25:53,134866.6200,1
GMH9,12:25:53,130742.8000,1
GMH9,12:25:53,136256.6700,1
GMH9,12:25:53,136260.6300,1
GMH9,12:25:53,139021.4500,1
GMH9,12:25:53,139021.4500,1
GMH9,12:25:53,143154.9600,1
GMH9,12:25:53,140401.9800,1
GMH9,12:25:53,137659.0000,1
GMH9,12:25:53,143165.3600,1
GMH9,12:25:53,136282.4100,1
GMH9,12:25:53,130776.0500,1
GMH9,12:25:53,143169.5200,1
GMH9,12:25:53,134909.7400,1
GMH9,12:25:53,132166.0800,1
GMH9,12:25:53,133542.8100,1
GMH9,12:25:53,130792.2000,1
GMH9,12:25:53,143193.4400,1
GMH9,12:25:53,137645.0000,1
GMH9,12:25:53,140401.9800,1
GMH9,12:25:53,140412.1800,1
GMH9,12:25:53,137690.0000,1
GMH9,12:28:58,133572.8800,1
GMH9,12:31:34,134999.9000,1
GMH9,12:32:10,130910.9500,1
GMH9,12:32:58,132336.0000,1
GMH9,12:32:58,142051.4200,7
GMH9,12:32:58,144818.1000,1
GMH9,12:32:58,144818.1000,1
GMH9,12:32:58,137922.0000,1
GMH9,12:33:11,143507.5200,1
GMH9,12:33:11,143520.0000,1
GMH9,12:33:11,132480.0000,1
GMH9,12:33:11,143521.0400,1
GMH9,12:33:11,135274.3000,1
GMH9,12:33:11,139435.5500,2
GMH9,12:33:16,140775.3000,1
GMH9,12:34:41,133894.9200,1
GMH9,12:40:50,139364.8500,1
GMH9,12:41:37,138000.0000,3
GMH9,12:41:44,132480.0000,1
GMH9,12:48:01,143410.8000,1
GMH9,12:51:15,144734.1000,1
GMH9,12:51:15,140598.8400,1
GMH9,12:54:24,133679.5800,1
GMH9,12:54:24,139170.9300,2
GMH9,12:54:24,137788.0000,2
GMH9,12:54:24,141892.8000,2
GMH9,12:54:24,134995.9800,2
GMH9,12:54:24,132239.0400,8
GMH9,12:54:53,144682.6500,1
GMH9,12:55:02,141891.7700,2
GMH9,13:07:21,143362.9600,1
GMH9,13:07:21,143362.9600,1
GMH9,13:07:21,132336.0000,1
GMH9,13:08:56,135165.5200,1
GMH9,13:11:29,132320.6400,1
GMH9,13:11:29,143323.4400,1
GMH9,13:12:04,137841.0000,3
GMH9,13:12:04,130948.9500,1
GMH9,13:14:59,144682.6500,1
GMH9,13:14:59,130877.7000,1
GMH9,13:23:49,137895.0000,1
GMH9,13:23:49,136516.0500,1
GMH9,13:27:57,139230.5200,1
GMH9,13:27:57,141966.9600,1
GMH9,13:28:37,136545.7500,1
GMH9,13:28:56,133830.9000,1
GMH9,13:31:32,140760.0000,1
GMH9,13:31:32,140780.4000,2
GMH9,13:31:46,131147.5000,1
GMH9,13:32:18,133910.4400,1
GMH9,13:34:09,131195.0000,1
GMH9,13:34:21,136753.6500,1
GMH9,13:34:21,140897.7000,1
GMH9,13:34:21,143661.4400,1
GMH9,13:34:21,140923.2000,2
GMH9,13:34:21,143690.5600,1
GMH9,13:34:21,136776.4200,1
GMH9,13:34:22,142304.8000,1
GMH9,13:34:22,131253.9000,1
GMH9,13:34:22,136781.3700,1
GMH9,13:34:22,134019.0800,1
GMH9,13:34:22,138164.0000,2
GMH9,13:34:22,136797.2100,1
GMH9,13:34:22,140946.6600,2
GMH9,13:34:22,132657.6000,3
GMH9,13:34:22,139571.9000,1
GMH9,13:34:22,143717.6000,11
GMH9,13:34:22,133989.9800,1
GMH9,13:34:22,143721.7600,1
GMH9,13:34:22,132667.2000,1
GMH9,13:34:23,142363.5100,1
GMH9,13:34:36,140915.0400,1
GMH9,13:34:36,143678.0800,1
GMH9,13:34:36,140915.0400,1
GMH9,13:34:50,139533.5200,1
GMH9,13:35:00,131295.7000,2
GMH9,13:39:16,131226.3500,1
GMH9,13:39:41,134059.8200,1
GMH9,13:39:42,131333.7000,1
GMH9,13:39:42,143775.8400,2
GMH9,13:39:43,145150.9500,1
GMH9,13:39:43,134091.8300,2
GMH9,13:39:44,131304.2500,1
GMH9,13:39:44,136831.8600,3
GMH9,13:39:44,139591.0900,1
GMH9,13:39:45,134118.0200,2
GMH9,13:39:45,139648.6600,8
GMH9,13:40:09,138249.0000,1
GMH9,13:40:21,131336.5500,1
GMH9,13:40:21,143768.5600,1
GMH9,13:40:49,142400.5900,1
GMH9,13:40:49,143783.1200,2
GMH9,13:41:17,134150.0300,1
GMH9,13:42:01,132737.2800,1
GMH9,13:42:16,143867.3600,1
GMH9,13:42:16,142509.7700,1
GMH9,13:42:32,142449.0000,1
GMH9,13:42:37,145186.6500,1
GMH9,13:42:56,141038.4600,1
GMH9,13:42:56,141038.4600,3
GMH9,13:43:26,141018.0600,1
GMH9,13:43:47,138256.0000,1
GMH9,13:43:47,143786.2400,1
GMH9,13:43:47,138255.0000,1
GMH9,13:43:47,135487.9400,1
GMH9,13:43:47,141009.9000,1
GMH9,13:43:47,142392.3500,5
GMH9,13:44:58,145244.4000,1
GMH9,13:45:01,145266.4500,2
GMH9,13:45:01,131442.9500,2
GMH9,13:45:01,142511.8300,2
GMH9,13:45:01,132826.5600,10
GMH9,13:45:01,134210.1700,2
GMH9,13:45:01,145279.0500,10
GMH9,13:45:01,143895.4400,3
GMH9,13:45:01,135593.7800,1
GMH9,13:45:42,139772.8900,1
GMH9,13:46:20,143881.9200,2
GMH9,13:46:20,145265.4000,1
GMH9,13:46:20,136963.5300,1
GMH9,13:46:20,136964.5200,1
GMH9,13:46:20,135573.2000,1
GMH9,13:46:54,136961.5500,1
GMH9,13:49:22,134227.6300,2
GMH9,13:49:22,135622.2000,2
GMH9,13:49:22,135638.8600,11
GMH9,13:49:43,138499.0000,1
GMH9,13:50:06,135719.2200,2
GMH9,13:50:07,132922.5600,1
GMH9,13:50:16,139844.6000,1
GMH9,13:50:48,132959.0400,1
GMH9,13:50:48,142655.0000,1
GMH9,13:50:48,135730.0000,1
GMH9,13:50:49,139872.8800,1
GMH9,13:51:12,132960.0000,1
GMH9,13:51:12,135730.0000,2
GMH9,13:51:12,137115.0000,1
GMH9,13:51:12,135730.0000,1
GMH9,13:51:12,141270.0000,1
GMH9,13:51:12,141271.0200,1
GMH9,13:51:12,131575.9500,1
GMH9,13:51:28,144048.3200,1
GMH9,13:51:28,139887.0200,1
GMH9,13:51:28,141268.9800,1
GMH9,13:51:28,142636.4600,1
GMH9,13:56:16,142636.4600,1
GMH9,13:56:16,138482.0000,1
GMH9,13:56:16,139866.8200,1
GMH9,13:56:33,139885.0000,1
GMH9,13:56:33,144040.0000,1
GMH9,13:56:33,141271.0200,1
GMH9,13:56:33,142701.3500,20
GMH9,13:56:33,144088.8800,1
GMH9,13:56:33,141318.9600,2
GMH9,13:56:33,133014.7200,2
GMH9,13:56:33,141341.4000,1
GMH9,13:56:33,137185.2900,1
GMH9,13:56:34,131616.8000,1
GMH9,13:56:34,144085.7600,1
GMH9,13:56:34,135777.0400,1
GMH9,13:56:34,134400.2900,2
GMH9,13:56:34,135793.7000,25
GMH9,13:56:35,145499.5500,1
GMH9,13:56:35,142753.8800,2
GMH9,13:56:35,144149.2000,20
GMH9,13:56:35,141386.2800,1
GMH9,13:56:35,131683.3000,2
GMH9,13:56:35,140017.3100,2
GMH9,13:56:35,145563.6000,2
GMH9,13:56:47,137227.8600,1
GMH9,13:56:48,142728.1300,1
GMH9,13:56:48,138571.0000,1
GMH9,13:56:52,141385.2600,1
GMH9,13:56:52,144157.5200,1
GMH9,13:56:52,138615.0000,2
GMH9,13:56:52,137253.6000,2
GMH9,13:56:52,140027.4100,1
GMH9,13:56:52,133099.2000,20
GMH9,13:56:52,144196.0000,2
GMH9,13:56:52,137267.4600,1
GMH9,13:57:34,131717.5000,1
GMH9,13:57:34,141432.1800,1
GMH9,13:57:42,145624.5000,3
GMH9,13:57:42,145683.3000,3
GMH9,13:57:42,141522.9600,1
GMH9,13:57:42,138755.0000,2
GMH9,13:57:42,138757.0000,21
GMH9,13:57:44,145703.2500,1
GMH9,13:57:44,142927.9500,1
GMH9,13:57:44,136007.3400,2
GMH9,13:57:44,145729.5000,1
GMH9,13:57:44,133238.4000,6
GMH9,13:57:44,144343.6800,2
GMH9,13:57:44,131877.1000,2
GMH9,13:57:44,145759.9500,15
GMH9,13:57:47,140080.9400,1
GMH9,13:57:47,137307.0600,1
GMH9,13:57:47,137304.0900,2
GMH9,13:57:47,140056.7000,1
GMH9,13:58:23,133258.5600,1
GMH9,13:58:23,136035.7600,1
GMH9,13:58:23,137429.8200,2
GMH9,13:58:23,141594.3600,2
GMH9,13:58:23,145759.9500,23
GMH9,13:58:23,131888.5000,1
GMH9,13:58:53,141402.6000,1
GMH9,13:58:57,131635.8000,2
GMH9,13:58:57,131635.8000,4
GMH9,13:58:57,135792.7200,1
GMH9,13:58:57,137178.3600,3
GMH9,13:58:57,144106.5600,4
GMH9,13:58:57,135792.7200,1
GMH9,13:58:57,139917.3200,1
GMH9,13:58:57,141302.6400,1
GMH9,13:59:00,142804.3500,1
GMH9,13:59:31,131642.4500,2
GMH9,13:59:32,142728.1300,1
GMH9,14:07:48,138630.0000,1
GMH9,14:07:48,141402.6000,1
GMH9,14:07:54,142746.6700,1
GMH9,14:08:02,134449.7600,1
GMH9,14:08:22,134448.7900,1
GMH9,14:08:22,141378.1200,2
GMH9,14:08:22,141356.7000,2
GMH9,14:08:22,142733.2800,2
GMH9,14:08:22,138551.0000,3
GMH9,14:08:22,145477.5000,40
GMH9,14:08:22,144147.1200,1
GMH9,14:08:22,134444.9100,1
GMH9,14:08:24,135758.4200,1
GMH9,14:08:34,145455.4500,1
GMH9,14:08:34,135757.4400,1
GMH9,14:08:34,144060.8000,2
GMH9,14:08:34,141264.9000,2
GMH9,14:08:34,134339.1800,1
GMH9,14:08:34,131569.3000,1
GMH9,14:08:34,144028.5600,1
GMH9,14:08:34,142637.4900,2
GMH9,14:08:34,142634.4000,1
GMH9,14:08:34,135710.4000,1
GMH9,14:08:34,135705.5000,1
GMH9,14:08:34,131551.2500,1
GMH9,14:08:34,144014.0000,35
GMH9,14:08:34,132969.6000,1
GMH9,14:08:34,138509.0000,2
GMH9,14:08:34,142658.0900,1
GMH9,14:08:34,139888.0300,1
GMH9,14:08:35,134345.0000,1
GMH9,14:09:57,139934.4900,1
GMH9,14:12:50,135839.7600,1
GMH9,14:13:20,137265.4800,1
GMH9,14:13:20,135878.9600,1
GMH9,14:13:20,142781.6900,1
GMH9,14:15:08,133051.2000,2
GMH9,14:15:08,142747.7000,1
GMH9,14:15:22,135903.4600,1
GMH9,14:15:22,145610.8500,1
GMH9,14:15:22,135903.4600,1
GMH9,14:15:23,144246.9600,1
GMH9,14:15:23,144248.0000,1
GMH9,14:15:23,144281.2800,1
GMH9,14:15:23,144275.0400,1
GMH9,14:15:23,133188.4800,1
GMH9,14:15:23,135943.6400,1
GMH9,14:15:23,131782.1000,1
GMH9,14:15:23,134570.0400,1
GMH9,14:15:23,141500.5200,1
GMH9,14:15:23,142873.3600,1
GMH9,14:15:23,137330.8200,1
GMH9,14:15:23,145668.6000,1
GMH9,14:15:25,142865.1200,1
GMH9,14:15:31,131768.8000,1
GMH9,14:15:33,145632.9000,1
GMH9,14:16:10,135917.1800,1
GMH9,14:16:23,144288.5600,3
GMH9,14:16:56,138750.0000,1
GMH9,14:17:01,144320.8000,3
GMH9,14:17:23,145729.5000,1
GMH9,14:17:23,145724.2500,1
GMH9,14:17:23,142941.3400,1
GMH9,14:17:23,134614.6600,1
GMH9,14:17:23,145709.5500,1
GMH9,14:17:23,134601.0800,1
GMH9,14:17:23,137369.4300,1
GMH9,14:17:23,145694.8500,1
GMH9,14:17:23,141566.8200,1
GMH9,14:17:31,137371.4100,1
GMH9,14:17:53,140188.0000,1
GMH9,14:17:53,144352.0000,1
GMH9,14:17:53,136025.9600,1
GMH9,14:17:53,136025.9600,1
GMH9,14:17:53,142975.3300,2
GMH9,14:17:53,136048.5000,2
GMH9,14:17:53,142989.7500,17
GMH9,14:18:02,134655.4000,2
GMH9,14:18:02,145788.3000,2
GMH9,14:18:02,138850.0000,1
GMH9,14:18:02,131914.1500,1
GMH9,14:18:02,136087.7000,19
GMH9,14:18:06,134678.6800,2
GMH9,14:18:06,133325.7600,1
GMH9,14:18:06,143049.4900,2
GMH9,14:18:06,137497.1400,3
GMH9,14:18:06,131943.6000,2
GMH9,14:18:06,133335.3600,2
GMH9,14:18:06,136115.1400,13
GMH9,14:18:06,136114.1600,2
GMH9,14:18:06,134743.6700,1
GMH9,14:18:09,137522.8800,2
GMH9,14:18:09,141692.2800,23
GMH9,14:18:41,142970.1800,1
GMH9,14:20:13,133281.6000,1
GMH9,14:21:08,131883.7500,1
GMH9,14:21:50,138744.0000,2
GMH9,14:22:42,135991.6600,1
GMH9,14:22:42,145705.3500,1
GMH9,14:22:42,140155.6800,1
GMH9,14:22:42,144348.8800,2
GMH9,14:22:45,140157.7000,1
GMH9,14:22:45,142961.9400,2
GMH9,14:22:45,141576.0000,1
GMH9,14:22:45,141581.1000,1
GMH9,14:22:49,131826.7500,5
GMH9,14:23:12,142914.5600,1
GMH9,14:23:12,142948.5500,1
GMH9,14:23:48,142901.1700,1
GMH9,14:23:52,140063.7700,1
GMH9,14:23:52,144224.0800,1
GMH9,14:25:09,145632.9000,2
GMH9,14:25:09,131763.1000,1
GMH9,14:25:09,131759.3000,1
GMH9,14:25:22,131721.3000,1
GMH9,14:25:47,142771.3900,1
GMH9,14:25:57,131684.2500,1
GMH9,14:25:57,145544.7000,1
GMH9,14:25:57,145539.4500,1
GMH9,14:27:22,134533.1800,1
GMH9,14:27:22,141467.8800,1
GMH9,14:29:56,135828.9800,1
GMH9,14:29:56,144140.8800,1
GMH9,14:31:15,133125.1200,1
GMH9,14:31:15,142832.1600,1
GMH9,14:31:51,145558.3500,1
GMH9,14:31:51,135854.4600,1
GMH9,14:35:13,131757.4000,1
GMH9,14:35:13,135918.1600,1
GMH9,14:35:13,135918.1600,1
GMH9,14:36:17,140070.8400,1
GMH9,14:42:52,135877.9800,1
GMH9,14:43:29,137208.0600,1
GMH9,14:44:33,133051.2000,1
GMH9,14:44:33,144137.7600,1
GMH9,14:44:33,138590.0000,1
GMH9,14:44:33,144130.4800,1
GMH9,14:44:33,131655.7500,2
GMH9,14:44:33,135790.7600,2
GMH9,14:44:33,142714.7400,2
GMH9,14:44:33,142686.9300,3
GMH9,14:44:33,135759.4000,5
GMH9,14:45:11,134481.7700,2
GMH9,14:48:02,131735.5500,1
GMH9,14:48:02,138670.0000,3
GMH9,14:48:02,138670.0000,2
GMH9,14:48:02,141443.4000,2
GMH9,14:48:02,140056.7000,18
GMH9,14:48:15,141471.9600,1
GMH9,14:48:15,141444.4200,1
GMH9,14:48:15,131737.4500,1
GMH9,14:48:15,144213.6800,2
GMH9,14:48:15,140048.6200,2
GMH9,14:48:15,140017.3100,2
GMH9,14:48:15,139998.1200,1
GMH9,14:48:15,141381.1800,40
GMH9,14:48:15,144193.9200,1
GMH9,14:48:16,145520.5500,1
GMH9,14:48:16,142747.7000,3
GMH9,14:48:16,144128.4000,1
GMH9,14:48:16,134423.5700,2
GMH9,14:48:16,135807.4200,2
GMH9,14:48:16,134399.3200,2
GMH9,14:48:16,141301.6200,3
GMH9,14:48:16,137134.8000,2
GMH9,14:48:16,131588.3000,34
GMH9,14:48:16,131575.0000,1
GMH9,14:48:16,145425.0000,1
GMH9,14:48:16,142655.0000,1
GMH9,14:48:16,131632.0000,1
GMH9,14:48:16,133005.1200,1
GMH9,14:48:16,135798.6000,1
GMH9,14:48:16,134434.2400,1
GMH9,14:48:17,145479.6000,1
GMH9,14:48:17,133021.4400,1
GMH9,14:48:17,142721.9500,2
GMH9,14:48:17,145493.2500,2
GMH9,14:48:32,144043.1200,1
GMH9,14:48:32,142658.0900,1
GMH9,14:48:32,138502.0000,1
GMH9,14:48:32,131575.9500,2
GMH9,14:48:32,141245.5200,2
GMH9,14:48:32,137063.5200,2
GMH9,14:48:32,137048.6700,40
GMH9,14:48:32,138430.0000,1
GMH9,14:48:32,144043.1200,1
GMH9,14:48:32,144020.2400,1
GMH9,14:48:32,132937.9200,1
GMH9,14:48:32,132934.0800,1
GMH9,14:48:32,137088.2700,1
GMH9,14:48:32,141243.4800,1
GMH9,14:48:34,135653.5600,1
GMH9,14:48:34,138422.0000,1
GMH9,14:48:34,134268.3700,1
GMH9,14:48:34,132882.2400,2
GMH9,14:48:34,131491.4000,2
GMH9,14:48:34,134257.7000,2
GMH9,14:48:34,131457.2000,2
GMH9,14:48:34,145278.0000,39
GMH9,14:48:35,145425.0000,3
GMH9,14:48:38,134268.3700,1
GMH9,14:48:38,138418.0000,2
GMH9,14:48:38,142559.2100,2
GMH9,14:48:38,138360.0000,1
GMH9,14:48:38,142446.9400,4
GMH9,14:49:55,135773.1200,1
GMH9,14:50:32,131584.5000,2
GMH9,14:50:32,145436.5500,1
GMH9,14:50:51,131594.0000,1
GMH9,14:50:52,131594.0000,1
GMH9,14:51:37,133076.1600,1
GMH9,14:52:32,137339.7300,1
GMH9,14:52:32,133177.9200,1
GMH9,14:52:32,131791.6000,2
GMH9,14:52:32,142915.5900,1
GMH9,14:52:32,145691.7000,2
GMH9,14:52:32,138764.0000,1
GMH9,14:52:32,140151.6400,1
GMH9,14:52:39,144352.0000,2
GMH9,14:52:39,144334.3200,1
GMH9,14:52:39,138758.0000,1
GMH9,14:52:39,141533.1600,1
GMH9,14:52:39,137363.4900,1
GMH9,14:52:39,144301.0400,1
GMH9,14:52:39,136025.9600,1
GMH9,14:52:39,133248.9600,1
GMH9,14:52:39,137399.1300,1
GMH9,14:52:39,141562.7400,1
GMH9,14:54:39,134539.9700,1
GMH9,14:55:19,142952.6700,1
GMH9,14:55:23,138790.0000,1
GMH9,14:55:43,133238.4000,1
GMH9,14:55:44,137402.1000,1
GMH9,14:56:40,131822.0000,1
GMH9,14:57:11,131803.0000,2
GMH9,14:57:11,138740.0000,2
GMH9,14:57:11,137352.6000,1
GMH9,14:57:11,137352.6000,1
GMH9,14:57:11,133175.0400,2
GMH9,14:57:11,142857.9100,1
GMH9,14:57:11,137310.0300,1
GMH9,14:57:11,142856.8800,1
GMH9,14:57:11,138696.0000,1
GMH9,14:57:13,137273.4000,1
GMH9,14:59:06,133208.6400,5
GMH9,14:59:06,134625.3300,1
GMH9,14:59:06,138790.0000,2
GMH9,14:59:06,134636.0000,1
GMH9,14:59:06,131860.0000,1
GMH9,14:59:06,138800.0000,1
GMH9,14:59:06,140188.0000,4
GMH9,14:59:06,142964.0000,1
GMH9,14:59:07,134636.0000,1
GMH9,14:59:07,138800.0000,1
GMH9,14:59:08,145740.0000,1
GMH9,14:59:08,142964.0000,1
GMH9,14:59:08,144352.0000,1
GMH9,14:59:08,133248.0000,1
GMH9,14:59:08,137412.0000,1
GMH9,14:59:08,138800.0000,1
GMH9,14:59:09,136024.0000,1
GMH9,14:59:09,138800.0000,1
GMH9,14:59:09,133248.0000,1
GMH9,14:59:10,141576.0000,1
GMH9,14:59:11,131860.0000,1
GMH9,14:59:11,145740.0000,1
GMH9,14:59:11,140188.0000,1
GMH9,14:59:13,145740.0000,1
GMH9,14:59:16,141576.0000,1
GMH9,14:59:16,137412.0000,1
GMH9,14:59:17,140188.0000,1
GMH9,14:59:17,141576.0000,1
GMH9,14:59:17,144352.0000,1
GMH9,14:59:39,134637.9400,1
GMH9,14:59:58,131860.9500,1
GMH9,14:59:58,133248.9600,1
GMH9,14:59:58,140188.0000,15
GMH9,15:00:38,144352.0000,4
GMH9,15:00:39,145740.0000,3
GMH9,15:01:30,137412.0000,1
GMH9,15:01:40,140188.0000,1
GMH9,15:01:51,134636.0000,1
GMH9,15:02:00,136024.0000,2
GMH9,15:02:00,145740.0000,2
GMH9,15:02:00,136024.0000,3
GMH9,15:02:00,134614.6600,1
GMH9,15:02:35,145528.9500,1
GMH9,15:05:53,145531.0500,1
GMH9,15:05:53,131651.9500,2
GMH9,15:07:53,144102.4000,1
GMH9,15:08:00,138560.0000,1
GMH9,15:08:04,141325.0800,1
GMH9,15:11:30,140051.6500,1
GMH9,15:11:30,135892.6800,1
GMH9,15:11:31,134518.6300,1
GMH9,15:11:36,138658.0000,1
GMH9,15:11:36,145582.5000,1
GMH9,15:11:36,145582.5000,1
GMH9,15:11:36,134461.4000,1
GMH9,15:11:36,141391.3800,2
GMH9,15:11:36,144162.7200,1
GMH9,15:13:16,138733.0000,1
GMH9,15:13:16,138733.0000,1
GMH9,15:13:16,131797.3000,1
GMH9,15:13:16,145672.8000,1
GMH9,15:14:11,137402.1000,1
GMH9,15:15:05,138796.0000,1
GMH9,15:15:58,145702.2000,1
GMH9,15:17:26,134593.3200,1
GMH9,15:17:44,131818.2000,1
GMH9,15:17:44,134593.3200,2
GMH9,15:25:00,140089.0200,2
GMH9,15:25:03,134593.3200,7
GMH9,15:25:03,142918.6800,3
GMH9,15:25:03,142918.6800,3
GMH9,15:25:04,145693.8000,3
GMH9,15:25:05,135980.8800,1
GMH9,15:25:10,145730.5500,1
GMH9,15:27:08,137372.4000,1
GMH9,15:28:44,141531.1200,3
GMH9,15:28:44,141531.1200,4
GMH9,15:28:44,131818.2000,5
GMH9,15:28:44,141531.1200,1
GMH9,15:28:44,138756.0000,1
GMH9,15:28:44,131818.2000,1
GMH9,15:28:44,141531.1200,1
GMH9,15:28:44,141460.7400,1
GMH9,15:28:44,135868.1800,1
GMH9,15:28:44,135838.7800,1
GMH9,15:28:44,135838.7800,1
GMH9,15:28:44,138604.0000,1
GMH9,15:28:44,144151.2800,2
GMH9,15:28:44,131662.4000,1
GMH9,15:28:44,142751.8200,1
GMH9,15:28:45,138575.0000,1
GMH9,15:28:45,135802.5200,1
GMH9,15:28:45,131646.2500,4
GMH9,15:28:45,133032.0000,1
GMH9,15:28:47,138562.0000,1
GMH9,15:28:57,145488.0000,1
GMH9,15:29:11,134394.4700,1
GMH9,15:29:11,134394.4700,1
GMH9,15:29:11,133008.9600,1
GMH9,15:29:11,145478.5500,1
GMH9,15:29:11,134394.4700,1
GMH9,15:29:11,142707.5300,1
GMH9,15:30:07,131595.9000,1
GMH9,15:31:27,134408.0500,1
GMH9,15:31:27,145493.2500,1
GMH9,15:31:27,141336.3000,1
GMH9,15:31:27,131636.7500,1
GMH9,15:31:27,131636.7500,1
GMH9,15:31:40,133022.4000,1
GMH9,15:31:40,145493.2500,1
GMH9,15:31:40,135793.7000,1
GMH9,15:32:31,142783.7500,1
GMH9,15:32:31,140018.3200,1
GMH9,15:32:31,141404.6400,1
GMH9,15:32:31,144177.2800,1
GMH9,15:32:31,142790.9600,1
GMH9,15:32:31,137246.6700,1
GMH9,15:32:31,137246.6700,1
GMH9,15:32:31,137246.6700,1
GMH9,15:32:31,131701.3500,1
GMH9,15:32:31,142805.3800,1
GMH9,15:32:31,137259.5400,1
GMH9,15:32:31,144191.8400,1
GMH9,15:32:31,145578.3000,1
GMH9,15:32:31,134486.6200,1
GMH9,15:32:31,145578.3000,1
GMH9,15:32:31,138646.0000,1
GMH9,15:34:04,137363.4900,1
GMH9,15:34:04,140177.9000,1
GMH9,15:37:22,145741.0500,1
GMH9,15:38:30,135987.7400,1
GMH9,15:38:43,138753.0000,1
GMH9,15:44:40,145650.7500,2
GMH9,15:44:40,140092.0500,1
GMH9,15:44:40,133152.9600,1
GMH9,15:44:40,134552.5800,1
GMH9,15:44:40,141488.2800,1
GMH9,15:44:40,137313.0000,1
GMH9,15:45:14,133147.2000,1
GMH9,15:45:14,138695.0000,1
GMH9,15:45:14,144218.8800,1
GMH9,15:45:14,131704.2000,1
GMH9,15:46:04,142748.7300,1
GMH9,15:58:36,137351.6100,1
GMH9,15:58:36,138739.0000,1
GMH9,16:00:00,133127.0400,2
GMH9,16:00:00,134504.0800,1
GMH9,16:00:57,138611.0000,1
GMH9,16:00:57,135838.7800,1
GMH9,16:01:03,144153.3600,1
GMH9,16:01:16,133020.4800,1
GMH9,16:01:35,134450.7300,1
GMH9,16:09:46,142728.1300,1
GMH9,16:10:10,134430.3600,1
GMH9,16:11:37,141345.4800,2
GMH9,16:11:37,131633.9000,1
GMH9,16:14:16,145491.1500,1
GMH9,16:15:31,141333.2400,1
GMH9,16:15:31,142715.7700,1
GMH9,16:15:31,142744.6100,1
GMH9,16:16:11,134344.0300,1
GMH9,16:16:14,141262.8600,1
GMH9,16:17:18,144010.8800,2
GMH9,16:17:18,142614.8300,1
GMH9,16:17:18,135690.8000,2
GMH9,16:17:57,131508.5000,1
GMH9,16:18:12,139773.9000,1
GMH9,16:18:12,135583.0000,1
GMH9,16:18:12,131432.5000,1
GMH9,16:18:12,132816.0000,1
GMH9,16:21:01,145262.2500,4
GMH9,16:21:49,142514.9200,1
GMH9,16:23:35,135554.5800,3
GMH9,16:23:35,139704.2100,5
GMH9,16:23:35,141087.4200,12
GMH9,16:24:24,142452.0900,1
GMH9,16:26:20,131385.0000,1
GMH9,16:26:20,142449.0000,2
GMH9,16:29:45,131407.8000,1
GMH9,16:30:00,131407.8000,1
GMH9,16:30:10,141090.4800,1
GMH9,16:34:27,134134.5100,1
GMH9,16:34:27,131368.8500,1
GMH9,16:34:27,131368.8500,1
GMH9,16:34:27,132751.6800,1
GMH9,16:34:27,136900.1700,10
GMH9,16:34:27,143855.9200,1
GMH9,16:34:27,136939.7700,1
GMH9,16:34:27,141089.4600,3
GMH9,16:34:27,142472.6900,3
GMH9,16:34:28,135583.0000,5
GMH9,16:34:40,139733.5000,1
GMH9,16:34:40,134199.5000,1
GMH9,16:34:40,142500.5000,6
GMH9,16:34:40,134199.5000,2
GMH9,16:34:40,135611.4200,1
GMH9,16:34:40,145297.9500,1
GMH9,16:36:01,145374.6000,2
GMH9,16:36:14,139802.1800,1
GMH9,16:38:10,144038.9600,1
GMH9,16:41:13,141297.5400,1
GMH9,16:41:13,142680.7500,1
GMH9,16:44:07,132891.8400,2
GMH9,16:44:07,143952.6400,2
GMH9,16:44:07,131494.2500,1
GMH9,16:44:28,136952.6400,1
GMH9,16:44:28,136952.6400,1
GMH9,16:45:05,134160.7000,1
GMH9,16:45:05,132777.6000,1
GMH9,16:45:05,135543.8000,1
GMH9,16:45:43,143814.3200,1
GMH9,16:45:43,131363.1500,1
GMH9,16:45:43,139615.3300,2
GMH9,16:45:43,135462.4600,2
GMH9,16:45:43,143741.5200,2
GMH9,16:45:43,143738.4000,7
GMH9,16:45:43,145176.1500,1
GMH9,16:47:03,134006.4700,1
GMH9,16:47:03,145057.5000,1
GMH9,16:47:07,136777.4100,1
GMH9,16:48:09,142309.9500,1
GMH9,16:48:24,134051.0900,1
GMH9,16:50:00,136717.0200,1
GMH9,16:50:03,140860.9800,2
GMH9,16:50:03,142241.9700,1
GMH9,16:50:03,131194.0500,1
GMH9,16:50:11,131162.7000,1
GMH9,16:50:11,142206.9500,1
GMH9,16:50:11,132542.4000,1
GMH9,16:50:11,131157.0000,1
GMH9,16:50:11,132532.8000,1
GMH9,16:50:11,133913.3500,2
GMH9,16:50:21,143560.5600,1
GMH9,16:55:06,136674.4500,1
GMH9,16:55:06,143560.5600,1
GMH9,16:55:06,143557.4400,1
GMH9,16:55:10,133914.3200,1
GMH9,16:55:22,133869.7000,1
GMH9,16:55:22,143525.2000,3
GMH9,16:55:22,140760.0000,1
GMH9,16:55:22,132480.0000,1
GMH9,16:55:22,131100.0000,1
GMH9,16:55:22,137996.0000,1
GMH9,16:56:18,137996.0000,1
GMH9,16:57:02,140724.3000,1
GMH9,16:57:02,131065.8000,1
GMH9,16:57:25,131024.9500,1
GMH9,16:57:25,132404.1600,2
GMH9,17:01:31,136553.6700,1
GMH9,17:04:06,136532.8800,1
GMH9,17:04:43,132432.0000,1
GMH9,17:06:29,143425.3600,1
GMH9,17:07:17,143422.2400,1
GMH9,17:07:58,140659.0200,1
GMH9,17:08:03,135142.0000,1
GMH9,17:08:03,136521.0000,5
GMH9,17:08:03,140631.4800,1
GMH9,17:08:03,133727.1100,1
GMH9,17:08:04,130910.0000,1
GMH9,17:08:04,140556.0000,1
GMH9,17:08:11,143312.0000,1
GMH9,17:08:11,130910.0000,1
GMH9,17:08:13,130910.0000,1
GMH9,17:08:59,132262.0800,1
GMH9,17:09:47,130867.2500,1
GMH9,17:10:24,141828.9400,1
GMH9,17:10:26,134869.5600,1
GMH9,17:11:18,134958.7400,1
GMH9,17:11:18,132205.4400,3
GMH9,17:11:18,139096.1900,1
GMH9,17:11:18,130833.0500,1
GMH9,17:11:25,134998.9200,1
GMH9,17:11:25,132269.7600,2
GMH9,17:11:25,130891.9500,2
GMH9,17:11:25,137792.0000,1
GMH9,17:11:26,140505.0000,2
GMH9,17:12:18,132132.4800,1
GMH9,17:12:18,132091.2000,1
GMH9,17:12:18,130715.2500,1
GMH9,17:12:18,136219.0500,1
GMH9,17:12:28,130675.3500,3
GMH9,17:12:28,140304.0600,3
GMH9,17:12:28,136200.2400,1
GMH9,17:12:28,143079.0400,1
GMH9,17:12:28,138959.8400,1
GMH9,17:12:28,134860.7400,1
GMH9,17:12:28,140365.2600,1
GMH9,17:12:41,133484.6100,1
GMH9,17:12:55,132031.6800,1
GMH9,17:13:12,143014.5600,1
GMH9,17:13:12,141639.4200,1
GMH9,17:13:12,136137.8700,1
GMH9,17:13:24,130663.0000,2
GMH9,17:13:24,132043.2000,2
GMH9,17:13:25,143095.6800,1
GMH9,17:13:25,144471.6000,1
GMH9,17:13:25,137593.0000,1
GMH9,17:15:28,134808.8000,1
GMH9,17:15:40,132057.6000,1
GMH9,17:17:36,138949.7400,5
GMH9,17:18:17,136297.2600,1
GMH9,17:18:17,130790.3000,1
GMH9,17:21:14,144742.5000,1
GMH9,17:22:05,144744.6000,1
GMH9,17:22:05,130959.4000,1
GMH9,17:22:05,141987.5600,2
GMH9,17:26:42,135191.0000,1
GMH9,17:27:18,132404.1600,1
GMH9,17:30:05,144825.4500,1
GMH9,17:30:25,131096.2000,2
GMH9,17:30:25,142135.8800,1
GMH9,17:30:25,140760.0000,1
GMH9,17:30:25,138000.0000,9
GMH9,17:30:25,131135.1500,1
GMH9,17:30:37,136753.6500,1
GMH9,17:30:37,136753.6500,1
GMH9,17:30:37,135404.6400,2
GMH9,17:30:37,135412.4800,2
GMH9,17:30:37,136802.1600,12
GMH9,17:30:37,143687.4400,1
GMH9,17:30:37,138200.0000,20
GMH9,17:30:37,135399.7400,1
GMH9,17:30:37,139544.6300,1
GMH9,17:30:37,132635.5200,2
GMH9,17:30:37,131309.9500,1
GMH9,17:30:43,131333.7000,1
GMH9,17:30:55,143861.1200,1
GMH9,17:31:01,139643.6100,1
GMH9,17:31:08,139705.2200,1
GMH9,17:32:09,135507.5400,1
GMH9,17:33:03,134112.2000,1
GMH9,17:33:06,136878.3900,1
GMH9,17:33:12,134111.2300,1
GMH9,17:34:39,138298.0000,1
GMH9,17:34:51,143901.6800,1
GMH9,17:34:51,132833.2800,1
GMH9,17:34:51,139753.7000,1
GMH9,17:34:52,141187.3800,2
GMH9,17:34:58,139841.5700,1
GMH9,17:35:00,131534.1500,1
GMH9,17:35:02,138456.0000,1
GMH9,17:35:08,142601.4400,1
GMH9,17:35:14,143998.4000,1
GMH9,17:35:16,143995.2800,1
GMH9,17:35:16,135677.0800,1
GMH9,17:39:04,134258.6700,1
GMH9,17:39:29,139872.8800,1
GMH9,17:39:29,142642.6400,1
GMH9,17:39:29,137104.1100,1
GMH9,17:39:29,138490.0000,2
GMH9,17:39:35,131480.0000,1
GMH9,17:39:35,132861.1200,1
GMH9,17:39:35,134245.0900,1
GMH9,17:39:35,139780.9700,1
GMH9,17:39:35,143932.8800,1
GMH9,17:39:35,131467.6500,1
GMH9,17:39:35,134234.4200,1
GMH9,17:39:35,138386.0000,1
GMH9,17:39:35,137000.1600,1
GMH9,17:39:35,143919.3600,1
GMH9,17:39:35,142535.5200,1
GMH9,17:39:35,138384.0000,1
GMH9,17:39:35,136972.4400,1
GMH9,17:39:35,141123.1200,1
GMH9,17:39:35,145274.8500,1
GMH9,17:39:35,142507.7100,1
GMH9,17:39:35,136998.1800,1
GMH9,17:39:35,141149.6400,1
GMH9,17:39:35,134211.1400,1
GMH9,17:39:35,136986.3000,1
GMH9,17:40:51,141168.0000,1
GMH9,17:41:26,145280.1000,1
GMH9,17:41:26,143889.2000,1
GMH9,17:41:26,139738.5500,1
GMH9,17:41:26,135581.0400,1
GMH9,17:41:26,138341.0000,1
GMH9,17:41:26,145250.7000,1
GMH9,17:41:26,141093.5400,1
GMH9,17:41:54,142547.8800,1
GMH9,17:41:54,134253.8200,1
GMH9,17:41:54,145326.3000,1
GMH9,17:41:54,143942.2400,1
GMH9,17:43:50,132908.1600,1
GMH9,17:43:50,131561.7000,2
GMH9,17:43:50,135720.2000,1
GMH9,17:43:50,131523.7000,1
GMH9,17:43:50,138446.0000,1
GMH9,17:43:50,144034.8000,1
GMH9,17:45:11,132960.0000,1
GMH9,17:45:11,134345.0000,1
GMH9,17:45:11,131575.9500,1
GMH9,17:45:11,142656.0300,1
GMH9,17:45:11,135730.9800,1
GMH9,17:45:31,133052.1600,1
GMH9,17:48:51,138550.0000,1
GMH9,17:48:52,134437.1500,1
GMH9,17:49:06,138659.0000,1
GMH9,17:49:06,144205.3600,1
GMH9,17:49:33,137289.2400,1
GMH9,17:49:33,144228.2400,1
GMH9,17:49:39,142772.4200,1
GMH9,17:49:55,142855.8500,1
GMH9,17:49:55,134535.1200,1
GMH9,17:49:55,137313.0000,2
GMH9,17:51:02,144246.9600,1
GMH9,17:51:02,131803.0000,1
GMH9,17:51:02,137352.6000,1
GMH9,17:51:02,135943.6400,2
GMH9,17:51:03,144290.6400,1
GMH9,17:51:03,131803.9500,1
GMH9,17:51:05,138796.0000,1
GMH9,17:51:06,131856.2000,1
GMH9,17:51:07,142964.0000,1
GMH9,17:51:07,134659.2800,1
GMH9,17:51:13,141464.8200,1
GMH9,17:51:22,141464.8200,1
GMH9,17:51:48,138700.0000,1
GMH9,17:52:31,134533.1800,1
GMH9,17:52:31,142837.3100,2
GMH9,17:52:33,133071.3600,1
GMH9,17:54:23,135842.7000,2
GMH9,17:57:11,138516.0000,1
GMH9,17:58:08,144158.5600,1
GMH9,17:58:08,137227.8600,1
GMH9,17:58:34,140030.4400,1
GMH9,17:58:34,134483.7100,1
GMH9,17:58:36,141362.8200,1
GMH9,17:58:36,135819.1800,1
GMH9,17:58:36,133046.4000,1
GMH9,18:00:23,134539.0000,1
GMH9,18:00:23,145635.0000,1
GMH9,18:00:23,140087.0000,1
GMH9,18:00:37,144248.0000,2
GMH9,18:00:37,138700.0000,1
GMH9,18:00:37,134539.0000,1
GMH9,18:00:37,144252.1600,2
GMH9,18:01:35,134475.9500,2
GMH9,18:01:55,134513.7800,1
GMH9,18:02:41,140059.7300,1
GMH9,18:02:44,144219.9200,1
GMH9,18:02:46,131757.4000,1
GMH9,18:04:07,131670.9500,1
GMH9,18:04:07,131670.9500,1
GMH9,18:06:13,135828.0000,1
GMH9,18:06:13,144144.0000,1
GMH9,18:06:13,133056.0000,1
GMH9,18:06:31,141270.0000,1
GMH9,18:08:59,145320.0000,1
GMH9,18:09:00,131445.8000,2
GMH9,18:09:29,139761.7800,1
GMH9,18:09:30,141199.6200,1
GMH9,18:09:30,145353.6000,2
GMH9,18:09:59,141148.6200,1
GMH9,18:10:00,132839.0400,2
GMH9,18:10:33,136990.2600,1
GMH9,18:10:42,138352.0000,1
GMH9,18:10:42,132816.0000,1
GMH9,18:11:41,139805.2100,1
GMH9,18:11:41,139805.2100,1
GMH9,18:11:41,134269.3400,1
GMH9,18:11:51,131567.4000,1
GMH9,18:11:51,132960.0000,1
GMH9,18:12:32,131625.3500,1
GMH9,18:12:34,145597.2000,1
GMH9,18:13:10,135738.8200,1
GMH9,18:13:10,134353.7300,1
GMH9,18:13:20,134353.7300,1
GMH9,18:13:20,144049.3600,1
GMH9,18:13:20,137170.4400,1
GMH9,18:13:20,131628.2000,1
GMH9,18:13:20,144098.2400,1
GMH9,18:13:23,138600.0000,1
GMH9,18:13:23,134453.6400,1
GMH9,18:13:23,144178.3200,1
GMH9,18:13:23,137223.9000,1
GMH9,18:13:26,141286.3200,1
GMH9,18:13:26,138516.0000,1
GMH9,18:13:34,139933.4800,1
GMH9,18:13:34,135777.0400,1
GMH9,18:13:34,141319.9800,1
GMH9,18:13:51,133054.0800,1
GMH9,18:13:51,144147.1200,1
GMH9,18:13:51,142789.9300,2
GMH9,18:13:51,131672.8500,1
GMH9,18:13:52,142752.8500,2
GMH9,18:14:33,137244.6900,2
GMH9,18:16:13,142811.5600,1
GMH9,18:16:13,144198.0800,1
GMH9,18:16:13,144199.1200,1
GMH9,18:16:24,133143.3600,1
GMH9,18:16:24,140079.9300,1
GMH9,18:16:51,142863.0600,1
GMH9,18:16:51,137314.9800,1
GMH9,18:16:51,140090.0300,1
GMH9,18:16:53,144165.8400,2
GMH9,18:17:01,140091.0400,1
GMH9,18:17:09,133193.2800,1
GMH9,18:17:09,142906.3200,2
GMH9,18:17:09,135974.0200,1
GMH9,18:17:13,142890.8700,1
GMH9,18:17:19,145699.0500,1
GMH9,18:17:19,144318.7200,1
GMH9,18:17:26,144352.0000,1
GMH9,18:17:26,131860.0000,1
GMH9,18:17:36,140103.1600,1
GMH9,18:21:22,144166.8800,1
GMH9,18:21:22,131690.9000,1
GMH9,18:21:22,137224.8900,1
GMH9,18:21:22,139996.1000,1
GMH9,18:21:22,142766.2400,1
GMH9,18:22:07,145530.0000,1
GMH9,18:22:07,135827.0200,1
GMH9,18:22:10,141370.9800,1
GMH9,18:22:10,141363.8400,1
GMH9,18:24:34,142850.7000,1
GMH9,18:24:34,140076.9000,1
GMH9,18:24:34,144216.8000,2
GMH9,18:24:34,131728.9000,1
GMH9,18:24:34,145589.8500,1
GMH9,18:30:03,145661.2500,4
GMH9,18:30:03,145661.2500,1
GMH9,18:30:10,138732.0000,1
GMH9,18:30:10,137344.6800,1
GMH9,18:30:16,145674.9000,1
GMH9,18:30:35,133200.0000,2
GMH9,18:30:43,140137.5000,4
GMH9,18:31:05,142891.9000,2
GMH9,18:31:07,140137.5000,4
GMH9,18:31:07,131812.5000,1
GMH9,18:32:29,142849.6700,1
GMH9,18:32:29,141462.7800,1
GMH9,18:32:40,142876.4500,1
GMH9,18:32:51,138688.0000,1
GMH9,18:33:15,137341.7100,1
GMH9,18:33:35,134567.1300,1
GMH9,18:34:13,141502.5600,1
GMH9,18:35:07,134566.1600,2
GMH9,18:35:16,137400.1200,1
GMH9,18:35:16,138788.0000,1
GMH9,18:35:16,141564.7800,1
GMH9,18:35:16,138789.0000,1
GMH9,18:35:18,141521.9400,1
GMH9,18:36:25,134553.5500,1
GMH9,18:38:27,144274.0000,1
GMH9,18:43:11,144275.0400,1
GMH9,18:43:11,141521.9400,1
GMH9,18:43:26,133237.4400,1
GMH9,18:43:26,140177.9000,1
GMH9,18:44:04,134623.3900,1
GMH9,18:44:12,140174.8700,1
GMH9,18:44:12,140174.8700,1
GMH9,19:05:12,144348.8800,1
GMH9,19:05:16,137559.5100,1
GMH9,19:05:16,132002.5000,1
GMH9,19:05:16,138986.0000,3
GMH9,19:05:18,137597.1300,2
GMH9,19:05:22,138987.0000,1
GMH9,19:05:22,138987.0000,1
GMH9,19:07:31,133396.8000,1
GMH9,19:09:11,140289.0000,1
GMH9,19:11:13,136122.0000,1
GMH9,19:11:13,136122.0000,1
GMH9,19:17:43,137403.0900,1
GMH9,19:17:43,134627.2700,1
GMH9,19:22:46,138771.0000,2
GMH9,19:22:46,144312.4800,1
GMH9,19:23:15,145835.5500,1
GMH9,19:23:15,143067.0000,1
GMH9,19:23:15,133359.3600,1
GMH9,19:23:15,136138.6600,1
GMH9,19:23:51,140188.0000,1
GMH9,19:23:51,138810.0000,2
GMH9,19:24:01,133295.0400,1
GMH9,19:24:01,136072.0200,2
GMH9,19:24:01,138850.0000,1
GMH9,19:24:04,136112.2000,1
GMH9,19:24:04,137511.0000,1
GMH9,19:24:17,141678.0000,1
GMH9,19:27:36,138908.0000,1
GMH9,19:48:02,144456.0000,1
GMH9,19:48:02,134733.0000,1
GMH9,19:48:02,143067.0000,1
GMH9,19:48:42,131963.5500,2
GMH9,19:55:02,136140.6200,1
GMH9,19:55:10,141723.9000,2
GMH9,20:03:30,141593.3400,1
GMH9,20:11:42,144470.5600,1
GMH9,20:12:04,134799.9300,1
GMH9,20:12:04,145917.4500,2
GMH9,20:12:32,143154.5500,1
GMH9,20:12:34,133430.4000,1
GMH9,20:12:34,138998.0000,3
GMH9,20:12:34,144557.9200,2
GMH9,20:12:34,141780.0000,1
GMH9,20:12:35,145950.0000,1
GMH9,20:16:40,138853.0000,2
GMH9,20:25:58,144508.0000,1
GMH9,20:28:24,141724.9200,1
GMH9,20:36:50,145894.3500,1
GMH9,20:36:50,145894.3500,1
GMH9,20:58:14,143020.6500,1
GMH9,21:09:05,141657.6000,1
GMH9,21:19:45,131936.0000,2
GMH9,21:31:12,136122.0000,1
GMH9,21:56:49,134603.0200,1
GMH9,21:56:50,140289.0000,3
GMH9,21:58:50,137377.3500,1
GMH9,22:02:08,141678.0000,1
GMH9,22:04:11,131955.0000,1
GMH9,22:07:37,144456.0000,1
GMH9,22:12:18,144461.2000,1
GMH9,22:12:18,144468.4800,1
GMH9,22:16:59,138949.0000,4
GMH9,22:16:59,140339.5000,1
GMH9,22:17:01,134781.5000,3
GMH9,22:17:03,141729.0000,2
GMH9,22:17:11,140309.2000,1
GMH9,22:17:13,137530.8000,1
GMH9,22:18:18,145827.1500,1
GMH9,22:22:56,137481.3000,1
GMH9,22:24:31,143036.1000,1
GMH9,22:24:44,138920.0000,1
GMH9,22:24:45,141698.4000,1
GMH9,22:24:47,136141.6000,1
GMH9,23:02:26,143098.9300,1
GMH9,23:05:13,141729.0000,1
GMH9,23:10:43,145945.8000,1
GMH9,23:10:43,141778.9800,1
GMH9,23:14:20,132049.0500,1
GMH9,23:14:20,134830.0000,2
GMH9,23:14:36,132049.0500,1
GMH9,23:14:36,133440.0000,2
GMH9,23:18:45,137610.0000,1
GMH9,23:18:45,139000.0000,3
GMH9,23:18:45,136220.0000,1
GMH9,23:20:26,136220.0000,1
GMH9,23:39:48,136220.0000,1
GMH9,23:40:28,133503.3600,1
GMH9,23:41:27,139059.0000,1
GMH9,23:41:44,141840.1800,1
GMH9,23:41:44,146019.3000,2
GMH9,23:42:29,133503.3600,1
GMH9,23:43:10,136220.0000,1
GMH9,23:45:01,132112.7000,2
GMH9,23:45:14,144628.6400,1
GMH9,23:47:19,134894.0200,1
GMH9,10:00:05,140592.0000,1
GMH9,10:00:05,133642.5600,1
GMH9,10:00:11,139244.0000,2
GMH9,10:00:11,143421.3200,1
GMH9,10:00:12,146212.5000,1
GMH9,10:00:15,137851.5600,1
GMH9,10:00:28,132259.0000,1
GMH9,10:00:28,137829.7800,1
GMH9,10:00:28,146183.1000,1
GMH9,10:00:28,134891.1100,1
GMH9,10:00:28,140453.6300,1
GMH9,10:00:28,140433.4300,1
GMH9,10:00:29,143218.4100,1
GMH9,10:00:37,136367.0000,1
GMH9,10:00:40,144778.4000,1
GMH9,10:01:00,135023.0300,1
GMH9,10:01:00,137808.0000,1
GMH9,10:01:38,140559.6800,1
GMH9,10:01:38,136372.8800,1
GMH9,10:01:38,139159.0000,1
GMH9,10:02:12,139082.0000,1
GMH9,10:02:18,139145.0000,1
GMH9,10:02:19,143322.4400,1
GMH9,10:02:36,133580.1600,1
GMH9,10:02:40,141926.8800,1
GMH9,10:02:40,139144.0000,1
GMH9,10:02:52,134968.7100,1
GMH9,10:02:55,140541.5000,1
GMH9,10:02:55,146098.0500,2
GMH9,10:04:32,144665.0400,2
GMH9,10:04:32,134909.5400,2
GMH9,10:04:33,140451.6100,2
GMH9,10:04:42,136269.9800,1
GMH9,10:04:42,137660.4900,1
GMH9,10:04:44,146006.7000,1
GMH9,10:05:38,139186.0000,1
GMH9,10:05:42,137794.1400,1
GMH9,10:06:16,136297.4200,1
GMH9,10:06:39,146031.9000,1
GMH9,10:06:40,139099.0000,1
GMH9,10:07:17,139057.0000,2
GMH9,10:07:17,133464.0000,1
GMH9,10:07:17,143190.6000,1
GMH9,10:07:29,137629.8000,4
GMH9,10:07:35,139016.0000,1
GMH9,10:07:35,143189.5700,1
GMH9,10:07:48,145931.1000,1
GMH9,10:07:57,145934.2500,1
GMH9,10:08:37,140494.0300,1
GMH9,10:08:37,141885.0600,1
GMH9,10:08:37,141886.0800,1
GMH9,10:10:29,139104.0000,1
GMH9,10:10:47,132048.1000,1
GMH9,10:10:47,138998.0000,1
GMH9,10:10:47,143165.8800,1
GMH9,10:10:47,143164.8500,1
GMH9,10:10:47,134825.1500,1
GMH9,10:11:11,141808.5600,1
GMH9,10:12:21,141729.0000,1
GMH9,10:12:30,133373.7600,1
GMH9,10:12:54,144509.0400,1
GMH9,10:13:09,138974.0000,1
GMH9,10:13:22,144536.0800,1
GMH9,10:14:11,140440.5000,1
GMH9,10:14:14,141831.0000,1
GMH9,10:14:43,144612.0000,1
GMH9,10:15:02,146055.0000,1
GMH9,10:15:04,133536.0000,1
GMH9,10:15:04,146055.0000,3
GMH9,10:15:08,137704.0500,2
GMH9,10:15:10,143273.0000,4
GMH9,10:15:10,134927.0000,1
GMH9,10:15:14,137701.0800,1
GMH9,10:16:02,146070.7500,1
GMH9,10:16:03,140588.9700,1
GMH9,10:16:03,144768.0000,1
GMH9,10:16:03,140592.0000,2
GMH9,10:16:17,141984.0000,1
GMH9,10:19:17,144791.9200,1
GMH9,10:19:17,137869.3800,1
GMH9,10:19:17,139232.0000,4
GMH9,10:19:37,139239.0000,1
GMH9,10:19:37,136454.2200,1
GMH9,10:20:53,143418.2300,1
GMH9,10:21:39,133670.4000,1
GMH9,10:22:31,132269.4500,1
GMH9,10:22:40,132269.4500,1
GMH9,10:25:01,133679.0400,1
GMH9,10:25:03,140664.7200,1
GMH9,10:25:08,139299.0000,1
GMH9,10:25:45,143454.2800,1
GMH9,10:26:07,146224.0500,1
GMH9,10:26:22,137868.3900,1
GMH9,10:26:22,135083.1700,1
GMH9,10:26:22,135083.1700,2
GMH9,10:26:22,132297.9500,1
GMH9,10:26:58,146262.9000,1
GMH9,10:27:43,144844.9600,1
GMH9,10:29:02,139160.0000,1
GMH9,10:29:55,137768.4000,1
GMH9,10:29:55,134985.2000,1
GMH9,10:30:55,140632.4000,2
GMH9,10:31:02,139228.0000,1
GMH9,10:31:04,140603.1100,1
GMH9,10:31:04,139211.0000,1
GMH9,10:31:04,141994.2000,3
GMH9,10:33:12,140605.1300,1
GMH9,10:33:57,133711.6800,1
GMH9,10:33:57,133711.6800,1
GMH9,10:33:57,136498.3200,1
GMH9,10:34:03,140592.0000,1
GMH9,10:35:04,146160.0000,5
GMH9,10:35:04,133632.0000,2
GMH9,10:35:07,143376.0000,1
GMH9,10:35:07,135024.0000,1
GMH9,10:35:07,136416.0000,3
GMH9,10:35:07,140592.0000,1
GMH9,10:35:09,140592.0000,1
GMH9,10:35:13,137808.0000,1
GMH9,10:35:14,146160.0000,1
GMH9,10:35:14,137808.0000,1
GMH9,10:35:15,139200.0000,1
GMH9,10:35:19,132240.0000,2
GMH9,10:35:41,143376.0000,3
GMH9,10:36:00,141984.0000,3
GMH9,10:36:11,133630.0800,1
GMH9,10:36:11,135019.1500,1
GMH9,10:36:11,132228.6000,1
GMH9,10:36:11,139192.0000,1
GMH9,10:37:41,139200.0000,1
GMH9,10:37:56,141968.7000,1
GMH9,10:37:56,135009.4500,1
GMH9,10:37:56,136401.3000,1
GMH9,10:37:56,136382.6800,2
GMH9,10:38:38,137808.0000,1
GMH9,10:38:38,139200.0000,2
GMH9,10:38:38,135024.0000,2
GMH9,10:38:38,144768.0000,1
GMH9,10:38:38,139199.0000,2
GMH9,10:39:19,133556.1600,1
GMH9,10:39:19,137729.7900,1
GMH9,10:39:19,146076.0000,2
GMH9,10:39:19,134944.4600,2
GMH9,10:41:19,139175.0000,1
GMH9,10:41:19,132216.2500,1
GMH9,10:41:19,140586.9500,1
GMH9,10:41:19,140586.9500,1
GMH9,10:47:33,146145.3000,1
GMH9,10:47:33,137793.1500,3
GMH9,10:47:33,139233.0000,1
GMH9,10:48:09,136404.2400,1
GMH9,10:49:15,143352.3100,1
GMH9,10:50:20,144804.4000,1
GMH9,10:50:51,136499.3000,1
GMH9,10:50:51,140689.9700,1
GMH9,10:50:53,143477.9700,1
GMH9,10:50:55,133704.9600,1
GMH9,10:50:55,137882.2500,1
GMH9,10:51:17,144839.7600,1
GMH9,10:51:39,136513.0200,1
GMH9,10:51:39,140693.0000,1
GMH9,10:51:39,135121.0000,1
GMH9,10:51:39,143479.0000,1
GMH9,10:52:56,136502.2400,1
GMH9,10:53:01,142086.0000,9
GMH9,10:53:01,146265.0000,2
GMH9,10:53:01,132335.0000,5
GMH9,10:53:01,146265.0000,3
GMH9,10:53:01,135121.0000,1
GMH9,10:53:01,146265.0000,1
GMH9,10:53:01,142086.0000,2
GMH9,10:53:01,144872.0000,1
GMH9,10:53:02,135121.0000,1
GMH9,10:53:02,136514.0000,1
GMH9,10:53:02,133728.0000,1
GMH9,10:53:02,140693.0000,1
GMH9,10:53:02,136514.0000,1
GMH9,10:53:04,142082.9400,2
GMH9,10:53:06,137901.0600,2
GMH9,10:53:06,140673.8100,1
GMH9,10:53:09,132324.5500,1
GMH9,10:53:09,142083.9600,1
GMH9,10:53:09,146259.7500,1
GMH9,10:53:10,143479.0000,1
GMH9,10:53:10,146265.0000,1
GMH9,10:53:10,133728.0000,3
GMH9,10:53:10,144872.0000,3
GMH9,10:53:10,142086.0000,3
GMH9,10:53:10,132335.0000,2
GMH9,10:53:10,139300.0000,1
GMH9,10:53:10,146265.0000,2
GMH9,10:53:10,132335.0000,2
GMH9,10:53:10,139300.0000,1
GMH9,10:53:10,132335.0000,1
GMH9,10:53:10,140693.0000,1
GMH9,10:53:10,146265.0000,2
GMH9,10:53:10,140693.0000,1
GMH9,10:53:11,139366.0000,1
GMH9,10:53:11,139363.0000,1
GMH9,10:53:11,142130.8800,1
GMH9,10:53:12,132397.7000,2
GMH9,10:53:16,133786.5600,1
GMH9,10:53:17,143545.9500,1
GMH9,10:53:17,144940.6400,1
GMH9,10:53:17,140759.6600,4
GMH9,10:53:17,132395.8000,1
GMH9,10:53:17,132395.8000,2
GMH9,10:53:17,142150.2600,3
GMH9,10:53:17,139358.0000,1
GMH9,10:53:17,142106.4000,1
GMH9,10:53:17,143502.6900,1
GMH9,10:53:17,132352.1000,1
GMH9,10:53:17,143497.5400,1
GMH9,10:53:17,132356.8500,1
GMH9,10:53:17,143477.9700,1
GMH9,10:53:17,143439.8600,1
GMH9,10:53:17,142047.2400,1
GMH9,10:53:43,139366.0000,1
GMH9,10:53:43,140759.6600,1
GMH9,10:53:45,135182.1100,1
GMH9,10:53:45,139362.0000,1
GMH9,10:53:47,136578.6800,1
GMH9,10:53:47,140758.6500,1
GMH9,10:53:47,132393.9000,1
GMH9,10:53:47,146330.1000,1
GMH9,10:54:01,146334.3000,1
GMH9,10:54:01,132420.5000,1
GMH9,10:54:01,132420.5000,1
GMH9,10:54:01,136613.9600,1
GMH9,10:54:01,138007.9800,1
GMH9,10:54:01,143584.0600,1
GMH9,10:54:01,136613.9600,1
GMH9,10:54:01,144978.0800,1
GMH9,10:54:01,138003.0300,2
GMH9,10:54:01,144971.8400,2
GMH9,10:54:01,146365.8000,1
GMH9,10:54:01,143577.8800,1
GMH9,10:54:01,144970.8000,2
GMH9,10:54:03,143575.8200,2
GMH9,10:54:12,139405.0000,1
GMH9,10:54:20,132385.3500,1
GMH9,10:54:57,144986.4000,6
GMH9,10:55:04,132439.5000,2
GMH9,10:55:10,136621.8000,4
GMH9,10:55:33,142182.9000,1
GMH9,10:55:42,136621.8000,1
GMH9,10:55:42,143592.3000,1
GMH9,10:56:01,139410.0000,4
GMH9,10:56:51,146353.2000,1
GMH9,10:56:51,143565.5200,1
GMH9,10:57:58,142165.5600,1
GMH9,10:58:40,139378.0000,2
GMH9,10:58:40,143554.1900,2
GMH9,10:58:40,135190.8400,2
GMH9,10:58:40,135189.8700,1
GMH9,10:58:40,135189.8700,1
GMH9,10:58:41,132401.5000,2
GMH9,11:00:02,139395.0000,1
GMH9,11:00:20,132439.5000,2
GMH9,11:00:51,133872.0000,1
GMH9,11:02:14,142279.8000,2
GMH9,11:02:14,135313.0600,1
GMH9,11:02:15,132503.1500,1
GMH9,11:03:03,140849.5500,1
GMH9,11:03:14,143643.8000,1
GMH9,11:03:15,135284.9300,1
GMH9,11:03:15,143640.7100,1
GMH9,11:03:15,139455.0000,1
GMH9,11:03:15,133852.8000,1
GMH9,11:03:15,136640.4200,1
GMH9,11:03:15,142217.5800,1
GMH9,11:03:15,142216.5600,2
GMH9,11:03:15,138041.6400,1
GMH9,11:03:15,140830.3600,1
GMH9,11:03:15,146408.8500,1
GMH9,11:03:15,143653.0700,1
GMH9,11:03:15,135254.8600,2
GMH9,11:03:15,132496.5000,1
GMH9,11:03:15,140869.7500,1
GMH9,11:03:15,143659.2500,1
GMH9,11:03:16,140880.8600,1
GMH9,11:03:39,139488.0000,1
GMH9,11:03:39,136699.2200,2
GMH9,11:03:39,133908.4800,1
GMH9,11:03:39,136698.2400,1
GMH9,11:03:39,133919.0400,1
GMH9,11:03:39,136710.0000,1
GMH9,11:03:39,132525.0000,1
GMH9,11:03:39,140895.0000,1
GMH9,11:03:39,133920.0000,1
GMH9,11:03:39,136710.0000,15
GMH9,11:03:39,142288.9800,1
GMH9,11:03:39,132525.0000,1
GMH9,11:03:39,138105.0000,7
GMH9,11:03:39,146475.0000,1
GMH9,11:03:39,143685.0000,1
GMH9,11:03:39,132525.0000,6
GMH9,11:03:39,140895.0000,3
GMH9,11:03:39,135315.0000,4
GMH9,11:03:39,140889.9500,4
GMH9,11:03:39,133920.0000,8
GMH9,11:03:39,139500.0000,1
GMH9,11:03:39,132525.0000,10
GMH9,11:03:39,132488.9000,1
GMH9,11:03:39,143645.8600,1
GMH9,11:03:39,133919.0400,1
GMH9,11:03:39,135314.0300,1
GMH9,11:03:39,142290.0000,1
GMH9,11:03:39,133920.0000,3
GMH9,11:03:39,142290.0000,1
GMH9,11:03:39,138105.9900,1
GMH9,11:03:39,139501.0000,1
GMH9,11:03:39,146504.4000,1
GMH9,11:03:39,143713.8400,1
GMH9,11:03:39,146476.0500,1
GMH9,11:03:41,138103.0200,1
GMH9,11:03:41,145077.9200,1
GMH9,11:03:41,132548.7500,1
GMH9,11:03:41,132549.7000,3
GMH9,11:03:51,146522.2500,1
GMH9,11:03:51,135358.6500,1
GMH9,11:03:51,142336.9200,1
GMH9,11:04:05,133972.8000,1
GMH9,11:04:05,142362.4200,2
GMH9,11:04:05,136763.9000,1
GMH9,11:04:05,132602.9000,1
GMH9,11:04:05,134010.2400,2
GMH9,11:04:05,140978.8300,2
GMH9,11:04:05,132606.7000,2
GMH9,11:04:06,135398.4200,1
GMH9,11:04:10,136678.6400,1
GMH9,11:04:10,140862.6800,1
GMH9,11:04:10,133870.0800,2
GMH9,11:04:10,132462.3000,1
GMH9,11:04:11,143600.5400,1
GMH9,11:04:11,145014.4800,1
GMH9,11:04:11,138042.6300,1
GMH9,11:04:11,138042.6300,2
GMH9,11:04:11,138100.0500,1
GMH9,11:04:11,140889.9500,1
GMH9,11:04:11,145049.8400,1
GMH9,11:04:11,135282.9900,1
GMH9,11:04:11,145054.0000,1
GMH9,11:04:11,135290.7500,1
GMH9,11:04:11,132501.2500,4
GMH9,11:04:11,135316.9400,3
GMH9,11:04:12,145162.1600,1
GMH9,11:04:12,138183.2100,1
GMH9,11:04:12,139580.0000,1
GMH9,11:04:12,145162.1600,1
GMH9,11:04:12,143766.3700,1
GMH9,11:04:12,142373.6400,1
GMH9,11:04:12,136794.2800,3
GMH9,11:04:12,145067.5200,1
GMH9,11:04:12,133908.4800,1
GMH9,11:04:12,145116.4000,2
GMH9,11:04:13,132585.8000,1
GMH9,11:04:13,146542.2000,1
GMH9,11:04:13,133992.9600,1
GMH9,11:04:13,142355.2800,2
GMH9,11:04:14,143751.9500,1
GMH9,11:04:15,135387.7500,2
GMH9,11:04:15,142392.0000,1
GMH9,11:04:15,140996.0000,2
GMH9,11:04:16,135411.0300,2
GMH9,11:04:37,140994.9900,1
GMH9,11:04:37,139600.0000,2
GMH9,11:04:37,140996.0000,1
GMH9,11:04:37,134016.0000,1
GMH9,11:04:37,143788.0000,2
GMH9,11:04:38,143735.4700,1
GMH9,11:04:44,133967.0400,1
GMH9,11:04:47,142338.9600,2
GMH9,11:04:59,134049.6000,1
GMH9,11:04:59,138238.6500,1
GMH9,11:04:59,145221.4400,1
GMH9,11:04:59,145204.8000,1
GMH9,11:04:59,134035.2000,1
GMH9,11:04:59,143792.1200,2
GMH9,11:05:08,143826.1100,1
GMH9,11:05:08,143827.1400,7
GMH9,11:05:08,146653.5000,1
GMH9,11:05:25,139700.0000,1
GMH9,11:05:25,142494.0000,1
GMH9,11:05:25,134112.0000,1
GMH9,11:05:25,142502.1600,1
GMH9,11:05:25,145326.4800,2
GMH9,11:05:25,142556.2200,1
GMH9,11:05:25,142510.3200,1
GMH9,11:05:25,132729.2500,5
GMH9,11:05:25,142557.2400,1
GMH9,11:05:48,132786.2500,2
GMH9,11:05:48,135583.6900,1
GMH9,11:05:48,143970.3100,1
GMH9,11:05:48,142572.5400,2
GMH9,11:05:54,146790.0000,1
GMH9,11:05:54,145392.0000,1
GMH9,11:05:54,137004.0000,1
GMH9,11:05:54,138402.0000,1
GMH9,11:05:54,134208.0000,3
GMH9,11:05:54,137004.0000,1
GMH9,11:05:54,138411.9000,1
GMH9,11:05:54,134227.2000,1
GMH9,11:05:54,134289.6000,1
GMH9,11:05:54,137087.3000,1
GMH9,11:05:54,145481.4400,3
GMH9,11:05:54,145421.1200,1
GMH9,11:05:54,146819.4000,1
GMH9,11:05:55,135698.1500,1
GMH9,11:05:55,142696.9800,1
GMH9,11:05:55,142698.0000,1
GMH9,11:05:55,139900.0000,1
GMH9,11:05:55,134376.0000,1
GMH9,11:05:55,139975.0000,1
GMH9,11:05:55,144174.2500,1
GMH9,11:05:55,139975.0000,2
GMH9,11:05:55,135770.9000,1
GMH9,11:05:56,137184.3200,1
GMH9,11:05:56,138526.7400,1
GMH9,11:05:56,146922.3000,1
GMH9,11:05:56,137128.4600,1
GMH9,11:05:56,137127.4800,2
GMH9,11:05:56,145543.8400,1
GMH9,11:05:56,137148.0600,1
GMH9,11:05:57,141255.5700,1
GMH9,11:05:57,145451.2800,1
GMH9,11:05:57,139856.0000,1
GMH9,11:05:58,138451.5000,1
GMH9,11:06:05,134255.0400,2
GMH9,11:06:09,142662.3000,1
GMH9,11:06:09,144060.9500,1
GMH9,11:06:09,141264.6600,1
GMH9,11:06:09,135709.7900,3
GMH9,11:06:27,139850.0000,1
GMH9,11:06:27,142647.0000,1
GMH9,11:06:27,135654.5000,1
GMH9,11:06:27,134256.0000,1
GMH9,11:06:27,145444.0000,6
GMH9,11:06:27,137127.4800,1
GMH9,11:06:27,141338.3900,2
GMH9,11:06:29,135660.3200,1
GMH9,11:06:36,144084.6400,1
GMH9,11:06:36,135757.3200,1
GMH9,11:06:36,146953.8000,1
GMH9,11:06:36,135758.2900,1
GMH9,11:06:40,141358.5900,1
GMH9,11:06:40,139959.0000,1
GMH9,11:06:40,137159.8200,1
GMH9,11:06:40,138589.1100,1
GMH9,11:06:40,144189.7000,1
GMH9,11:06:40,137195.1000,1
GMH9,11:06:47,144194.8500,1
GMH9,11:06:47,147000.0000,1
GMH9,11:06:47,140000.0000,1
GMH9,11:06:47,144200.0000,2
GMH9,11:06:47,137200.0000,1
GMH9,11:06:47,133000.0000,1
GMH9,11:06:47,140000.0000,1
GMH9,11:06:47,134400.0000,2
GMH9,11:06:47,135800.0000,1
GMH9,11:06:47,141400.0000,1
GMH9,11:06:47,133000.0000,1
GMH9,11:06:47,147000.0000,2
GMH9,11:06:47,138600.0000,2
GMH9,11:06:47,141400.0000,1
GMH9,11:06:47,144200.0000,2
GMH9,11:06:47,135800.0000,2
GMH9,11:06:47,138600.0000,2
GMH9,11:06:47,137200.0000,1
GMH9,11:06:47,138600.0000,18
GMH9,11:06:47,140000.0000,2
GMH9,11:06:47,138597.0300,1
GMH9,11:06:47,147000.0000,3
GMH9,11:06:47,146996.8500,1
GMH9,11:06:47,134397.1200,1
GMH9,11:06:47,145600.0000,2
GMH9,11:06:47,145600.0000,2
GMH9,11:06:47,133000.0000,1
GMH9,11:06:47,140000.0000,1
GMH9,11:06:47,147001.0500,1
GMH9,11:06:47,134400.9600,1
GMH9,11:06:47,135815.5200,3
GMH9,11:06:58,142816.3200,2
GMH9,11:06:58,141415.1500,2
GMH9,11:06:58,133014.2500,1
GMH9,11:07:00,147037.8000,1
GMH9,11:07:07,138618.8100,1
GMH9,11:07:18,145693.6000,1
GMH9,11:07:18,133095.0000,1
GMH9,11:07:18,133095.0000,3
GMH9,11:07:18,140100.0000,3
GMH9,11:07:18,145704.0000,13
GMH9,11:07:18,138699.0000,11
GMH9,11:07:18,140100.0000,4
GMH9,11:07:18,134496.0000,5
GMH9,11:07:18,142902.0000,7
GMH9,11:07:18,138699.0000,4
GMH9,11:07:18,141501.0000,4
GMH9,11:07:18,140100.0000,2
GMH9,11:07:18,141512.1100,1
GMH9,11:07:18,140136.0000,1
GMH9,11:07:19,145745.6000,1
GMH9,11:07:19,141551.5000,1
GMH9,11:07:19,147157.5000,1
GMH9,11:07:19,144354.5000,1
GMH9,11:07:19,133142.5000,1
GMH9,11:07:19,135945.5000,1
GMH9,11:07:19,137322.5000,1
GMH9,11:07:20,137394.0400,1
GMH9,11:07:20,133188.1000,1
GMH9,11:07:20,135993.0300,1
GMH9,11:07:20,140199.0000,1
GMH9,11:07:20,147208.9500,1
GMH9,11:07:20,144406.0000,1
GMH9,11:07:21,133118.7500,1
GMH9,11:07:21,133118.7500,1
GMH9,11:07:26,134519.0400,2
GMH9,11:07:26,147102.9000,2
GMH9,11:07:26,145661.3600,1
GMH9,11:07:26,134455.6800,1
GMH9,11:07:26,138657.4200,1
GMH9,11:07:26,141457.5700,2
GMH9,11:07:26,140057.0000,1
GMH9,11:07:27,147037.8000,1
GMH9,11:07:53,137209.8000,1
GMH9,11:07:53,135809.7000,1
GMH9,11:07:59,144205.1500,1
GMH9,11:07:59,144203.0900,2
GMH9,11:08:10,140009.0000,1
GMH9,11:08:10,137204.9000,1
GMH9,11:08:10,140005.0000,1
GMH9,11:08:10,140002.0000,2
GMH9,11:08:10,137204.9000,1
GMH9,11:08:10,134396.1600,1
GMH9,11:08:10,135800.9700,1
GMH9,11:08:10,145601.0400,1
GMH9,11:08:10,134404.8000,1
GMH9,11:08:10,135804.8500,1
GMH9,11:08:10,134395.2000,1
GMH9,11:08:10,134404.8000,1
GMH9,11:08:10,141392.9300,1
GMH9,11:08:10,135800.0000,2
GMH9,11:08:10,137199.0200,1
GMH9,11:08:11,144205.1500,4
GMH9,11:08:19,133004.7500,1
GMH9,11:08:20,135799.0300,1
GMH9,11:08:20,133004.7500,1
GMH9,11:08:22,138604.9500,1
GMH9,11:08:22,138604.9500,1
GMH9,11:08:30,144205.1500,1
GMH9,11:08:30,133004.7500,1
GMH9,11:08:31,139999.0000,1
GMH9,11:08:33,139998.0000,1
GMH9,11:08:33,139998.0000,1
GMH9,11:08:35,142804.0800,1
GMH9,11:08:35,133003.8000,1
GMH9,11:08:35,142805.1000,3
GMH9,11:08:36,135845.5900,1
GMH9,11:08:36,140044.0000,1
GMH9,11:08:36,140041.0000,1
GMH9,11:09:03,145613.5200,1
GMH9,11:09:03,147001.0500,1
GMH9,11:09:03,135800.9700,1
GMH9,11:09:16,141412.1200,1
GMH9,11:09:46,134409.6000,1
GMH9,11:09:52,134427.8400,1
GMH9,11:10:12,140038.0000,1
GMH9,11:10:12,142838.7600,1
GMH9,11:10:16,145693.6000,2
GMH9,11:10:18,147050.4000,1
GMH9,11:10:18,140048.0000,1
GMH9,11:10:20,133093.1000,1
GMH9,11:10:21,133095.0000,5
GMH9,11:10:28,142898.9400,2
GMH9,11:10:28,140095.0000,3
GMH9,11:10:28,138733.6500,1
GMH9,11:10:30,140132.0000,1
GMH9,11:10:30,140120.0000,1
GMH9,11:10:30,147135.4500,1
GMH9,11:10:32,147153.3000,1
GMH9,11:10:32,138747.5100,1
GMH9,11:10:32,147177.4500,1
GMH9,11:10:32,142988.7000,1
GMH9,11:10:32,145802.8000,1
GMH9,11:10:32,133185.2500,2
GMH9,11:10:32,144401.8800,1
GMH9,11:10:32,137396.0000,1
GMH9,11:10:33,147217.3500,1
GMH9,11:10:33,137402.8600,1
GMH9,11:10:33,143011.1400,1
GMH9,11:10:33,147206.8500,1
GMH9,11:10:33,135991.0900,1
GMH9,11:10:59,137405.8000,1
GMH9,11:11:02,140222.0000,1
GMH9,11:11:49,147220.5000,1
GMH9,11:11:54,144491.4900,1
GMH9,11:11:54,145895.3600,1
GMH9,11:11:56,141631.2900,1
GMH9,11:11:56,145816.3200,1
GMH9,11:11:56,145815.2800,2
GMH9,11:11:56,145815.2800,1
GMH9,11:12:13,136090.0300,1
GMH9,11:12:13,140300.0000,1
GMH9,11:12:15,133377.1500,2
GMH9,11:12:15,138994.0200,1
GMH9,11:12:15,143205.9600,1
GMH9,11:12:15,136184.1200,1
GMH9,11:12:15,134780.1600,1
GMH9,11:12:15,134780.1600,1
GMH9,11:12:23,140437.0000,1
GMH9,11:12:23,133415.1500,1
GMH9,11:12:39,134779.2000,2
GMH9,11:12:59,143154.9600,1
GMH9,11:13:06,133311.6000,1
GMH9,11:13:06,141731.2800,1
GMH9,11:13:06,136115.2500,1
GMH9,11:13:06,144502.8200,1
GMH9,11:13:06,136085.1800,1
GMH9,11:13:06,137487.1400,2
GMH9,11:13:06,145966.0800,1
GMH9,11:13:06,144564.6200,1
GMH9,11:13:06,134740.8000,2
GMH9,11:13:06,141776.7300,1
GMH9,11:13:06,134758.0800,1
GMH9,11:13:06,141764.6100,1
GMH9,11:13:06,134738.8800,2
GMH9,11:13:12,145945.2800,1
GMH9,11:13:17,136121.0700,2
GMH9,11:13:17,141728.2500,3
GMH9,11:13:50,147367.5000,1
GMH9,11:13:50,140351.0000,1
GMH9,11:14:32,134730.2400,1
GMH9,11:14:32,141733.3000,2
GMH9,11:14:33,140250.0000,1
GMH9,11:15:24,136065.7800,1
GMH9,11:15:32,141676.7400,1
GMH9,11:15:32,143079.4800,1
GMH9,11:15:34,134682.2400,1
GMH9,11:15:34,144521.3600,1
GMH9,11:15:34,140312.0000,1
GMH9,11:16:00,133296.4000,6
GMH9,11:16:13,138908.8800,1
GMH9,11:16:13,136102.6400,1
GMH9,11:16:13,136102.6400,2
GMH9,11:16:21,138906.9000,1
GMH9,11:16:21,140304.0000,2
GMH9,11:16:21,145913.0400,1
GMH9,11:16:21,144491.4900,2
GMH9,11:16:21,136043.4700,40
GMH9,11:16:21,143055.0000,1
GMH9,11:16:21,136042.5000,3
GMH9,11:16:21,141692.9000,2
GMH9,11:16:21,134665.9200,5
GMH9,11:16:21,136042.5000,3
GMH9,11:16:21,134639.0400,1
GMH9,11:16:21,147261.4500,1
GMH9,11:16:21,145860.0000,1
GMH9,11:16:21,143107.0200,1
GMH9,11:16:21,136040.5600,2
GMH9,11:16:21,141649.4700,2
GMH9,11:16:21,144453.3800,2
GMH9,11:16:21,137427.3600,1
GMH9,11:16:57,136026.0100,1
GMH9,11:17:01,147243.6000,4
GMH9,11:17:01,141634.3200,1
GMH9,11:17:12,140234.0000,1
GMH9,11:17:12,134640.0000,1
GMH9,11:17:24,147194.2500,2
GMH9,11:18:02,134662.0800,1
GMH9,11:18:02,143116.2000,1
GMH9,11:18:02,138882.1500,1
GMH9,11:18:02,137479.3000,1
GMH9,11:18:02,145889.1200,1
GMH9,11:18:02,137472.4400,1
GMH9,11:18:02,144488.4000,1
GMH9,11:18:02,138877.2000,1
GMH9,11:18:02,137474.4000,1
GMH9,11:18:02,147294.0000,1
GMH9,11:18:02,147294.0000,1
GMH9,11:18:02,143085.6000,1
GMH9,11:18:02,136071.6000,1
GMH9,11:18:02,141682.8000,1
GMH9,11:18:02,136071.6000,6
GMH9,11:18:02,144488.4000,1
GMH9,11:18:26,141729.2600,1
GMH9,11:18:26,147343.3500,2
GMH9,11:18:26,141752.4900,1
GMH9,11:18:26,141753.5000,2
GMH9,11:18:26,143157.0000,2
GMH9,11:18:26,138946.5000,6
GMH9,11:18:26,143157.0000,1
GMH9,11:18:26,144560.5000,1
GMH9,11:18:26,133332.5000,1
GMH9,11:18:26,145964.0000,1
GMH9,11:18:26,147367.5000,1
GMH9,11:18:26,138946.5000,7
GMH9,11:18:26,141753.5000,2
GMH9,11:18:26,147367.5000,2
GMH9,11:18:30,136139.5000,1
GMH9,11:18:31,138946.5000,2
GMH9,11:18:33,133332.5000,2
GMH9,11:18:33,134736.0000,1
GMH9,11:18:35,137543.0000,1
GMH9,11:18:35,145964.0000,1
GMH9,11:18:35,134736.0000,13
GMH9,11:18:35,137543.0000,1
GMH9,11:18:35,138946.5000,2
GMH9,11:18:35,138976.2000,4
GMH9,11:18:35,138976.2000,4
GMH9,11:18:35,144591.4000,2
GMH9,11:18:35,138976.2000,1
GMH9,11:18:35,147399.0000,2
GMH9,11:18:35,138976.2000,4
GMH9,11:18:37,141802.9900,1
GMH9,11:18:52,136187.0300,9
GMH9,11:18:52,143206.9800,1
GMH9,11:18:58,140379.0000,1
GMH9,11:19:13,147420.0000,2
GMH9,11:19:16,133418.0000,1
GMH9,11:19:16,144653.2000,1
GMH9,11:19:16,134822.4000,1
GMH9,11:19:16,137631.2000,2
GMH9,11:19:16,143248.8000,1
GMH9,11:19:16,141848.4400,1
GMH9,11:19:16,134831.0400,1
GMH9,11:19:17,136235.5300,5
GMH9,11:19:17,134831.0400,1
GMH9,11:19:19,134831.0400,2
GMH9,11:19:19,140450.0000,20
GMH9,11:19:19,137641.0000,2
GMH9,11:19:19,141854.5000,2
GMH9,11:19:21,140450.0000,1
GMH9,11:19:30,145997.2800,2
GMH9,11:20:16,138946.5000,2
GMH9,11:20:20,147328.6500,2
GMH9,11:20:20,144510.0300,2
GMH9,11:20:20,138897.9900,1
GMH9,11:20:20,141703.0000,20
GMH9,11:20:20,143094.7800,1
GMH9,11:20:20,137454.8000,2
