SECID,TRADETIME,PRICE,QUANTITY
VBH9,19:05:00,3734.0000,1
VBH9,19:05:00,3646.5800,1
VBH9,19:05:00,3534.9500,10
VBH9,19:05:00,3906.0000,29
VBH9,19:05:01,3872.9600,9
VBH9,19:05:01,3582.7200,1
VBH9,19:05:01,3769.3200,30
VBH9,19:05:02,3732.0000,80
VBH9,19:05:04,3872.9600,1
VBH9,19:05:09,3726.0000,1
VBH9,19:05:12,3914.4000,1
VBH9,19:05:12,3766.2900,1
VBH9,19:05:12,3542.5500,6
VBH9,19:05:14,3730.0000,1
VBH9,19:05:14,3767.3000,6
VBH9,19:05:14,3654.4200,23
VBH9,19:05:14,3841.9000,1
VBH9,19:05:16,3917.5500,20
VBH9,19:05:17,3544.4500,1
VBH9,19:05:29,3917.5500,10
VBH9,19:05:30,3880.2400,4
VBH9,19:05:48,3919.6500,5
VBH9,19:05:48,3919.6500,1
VBH9,19:05:48,3807.6600,4
VBH9,19:05:49,3770.3300,4
VBH9,19:05:53,3584.6400,5
VBH9,19:05:54,3696.6600,4
VBH9,19:05:54,3808.6800,1
VBH9,19:05:54,3659.3200,2
VBH9,19:05:54,3547.3000,10
VBH9,19:05:54,3547.3000,1
VBH9,19:05:54,3771.3400,10
VBH9,19:05:57,3735.0000,1
VBH9,19:05:58,3772.3500,9
VBH9,19:05:58,3660.3000,10
VBH9,19:05:58,3772.3500,1
VBH9,19:06:01,3622.9500,4
VBH9,19:06:05,3809.7000,2
VBH9,19:06:07,3623.9200,8
VBH9,19:06:07,3662.2600,5
VBH9,19:06:07,3587.5200,10
VBH9,19:06:07,3849.1100,10
VBH9,19:06:07,3662.2600,3
VBH9,19:06:07,3550.1500,1
VBH9,19:06:07,3625.8600,10
VBH9,19:06:07,3887.5200,5
VBH9,19:06:07,3625.8600,6
VBH9,19:06:07,3850.1400,10
VBH9,19:06:07,3700.6200,8
VBH9,19:06:07,3851.1700,1
VBH9,19:06:07,3776.3900,8
VBH9,19:06:07,3851.1700,1
VBH9,19:06:07,3626.8300,5
VBH9,19:06:07,3626.8300,5
VBH9,19:06:07,3739.0000,6
VBH9,19:06:07,3589.4400,10
VBH9,19:06:07,3589.4400,5
VBH9,19:06:07,3553.0000,2
VBH9,19:06:07,3740.0000,7
VBH9,19:06:07,3627.8000,10
VBH9,19:06:07,3591.3600,5
VBH9,19:06:07,3629.7400,1
VBH9,19:06:07,3742.0000,8
VBH9,19:06:07,3779.4200,7
VBH9,19:06:07,3779.4200,6
VBH9,19:06:07,3593.2800,8
VBH9,19:06:07,3668.1400,2
VBH9,19:06:07,3817.8600,1
VBH9,19:06:07,3591.3600,1
VBH9,19:06:07,3704.5800,3
VBH9,19:06:08,3890.6400,3
VBH9,19:06:08,3816.8400,1
VBH9,19:06:08,3780.4300,1
VBH9,19:06:08,3741.0000,1
VBH9,19:06:08,3778.4100,5
VBH9,19:06:09,3702.6000,2
VBH9,19:06:16,3667.1600,1
VBH9,19:06:21,3554.9000,1
VBH9,19:06:21,3590.4000,1
VBH9,19:06:22,3704.5800,1
VBH9,19:06:22,3667.1600,1
VBH9,19:06:26,3553.0000,1
VBH9,19:06:27,3927.0000,1
VBH9,19:06:53,3929.1000,3
VBH9,19:06:53,3592.3200,2
VBH9,19:06:58,3553.9500,1
VBH9,19:06:58,3553.9500,6
VBH9,19:06:58,3889.6000,56
VBH9,19:06:58,3852.2000,6
VBH9,19:06:58,3776.3900,6
VBH9,19:06:58,3888.5600,1
VBH9,19:06:58,3812.7600,6
VBH9,19:06:58,3923.8500,6
VBH9,19:06:58,3662.2600,1
VBH9,19:06:58,3699.6300,3
VBH9,19:06:58,3699.6300,5
VBH9,19:06:58,3774.3700,35
VBH9,19:06:58,3699.6300,6
VBH9,19:07:00,3623.9200,1
VBH9,19:07:00,3773.3600,5
VBH9,19:07:06,3660.3000,1
VBH9,19:07:06,3659.3200,4
VBH9,19:07:13,3736.0000,1
VBH9,19:07:13,3623.9200,6
VBH9,19:07:13,3737.0000,107
VBH9,19:07:13,3923.8500,6
VBH9,19:07:21,3624.8900,1
VBH9,19:07:32,3922.8000,1
VBH9,19:07:34,3624.8900,4
VBH9,19:08:35,3586.5600,1
VBH9,19:08:35,3623.9200,6
VBH9,19:08:35,3587.5200,3
VBH9,19:08:35,3737.0000,10
VBH9,19:08:35,3587.5200,2
VBH9,19:08:35,3550.1500,8
VBH9,19:09:15,3884.4000,1
VBH9,19:09:18,3621.9800,1
VBH9,19:09:39,3883.3600,6
VBH9,19:10:34,3622.9500,2
VBH9,19:10:40,3810.7200,6
VBH9,19:10:55,3623.9200,1
VBH9,19:11:08,3659.3200,1
VBH9,19:11:11,3659.3200,2
VBH9,19:11:11,3846.0200,4
VBH9,19:11:18,3771.3400,6
VBH9,19:11:18,3771.3400,1
VBH9,19:11:36,3658.3400,5
VBH9,19:11:36,3770.3300,5
VBH9,19:11:53,3919.6500,1
VBH9,19:12:07,3805.6200,1
VBH9,19:12:08,3695.6700,6
VBH9,19:12:08,3883.3600,3
VBH9,19:12:14,3656.3800,1
VBH9,19:12:14,3693.6900,5
VBH9,19:12:22,3657.3600,1
VBH9,19:12:31,3767.3000,5
VBH9,19:12:31,3804.6000,4
VBH9,19:12:31,3618.1000,6
VBH9,19:12:31,3840.8700,6
VBH9,19:12:31,3578.8800,8
VBH9,19:12:31,3653.4400,5
VBH9,19:12:31,3728.0000,1
VBH9,19:12:31,3877.1200,6
VBH9,19:12:31,3801.5400,10
VBH9,19:12:31,3764.2700,7
VBH9,19:12:50,3731.0000,1
VBH9,19:12:50,3581.7600,6
VBH9,19:12:52,3732.0000,6
VBH9,19:12:52,3583.6800,6
VBH9,19:12:52,3658.3400,75
VBH9,19:12:52,3807.6600,22
VBH9,19:12:52,3546.3500,4
VBH9,19:14:03,3844.9900,4
VBH9,19:14:03,3582.7200,1
VBH9,19:14:03,3620.0400,2
VBH9,19:14:22,3808.6800,6
VBH9,19:15:41,3620.0400,1
VBH9,19:15:53,3881.2800,1
VBH9,19:16:32,3544.4500,1
VBH9,19:16:32,3880.2400,1
VBH9,19:16:32,3581.7600,4
VBH9,19:16:45,3656.3800,2
VBH9,19:16:45,3842.9300,1
VBH9,19:17:12,3656.3800,1
VBH9,19:17:19,3620.0400,5
VBH9,19:17:37,3918.6000,1
VBH9,19:17:50,3582.7200,1
VBH9,19:19:57,3694.6800,1
VBH9,19:20:16,3804.6000,4
VBH9,19:20:16,3692.7000,2
VBH9,19:20:16,3692.7000,6
VBH9,19:20:16,3767.3000,5
VBH9,19:20:34,3730.0000,17
VBH9,19:20:34,3804.6000,5
VBH9,19:20:49,3880.2400,1
VBH9,19:21:06,3767.3000,1
VBH9,19:22:55,3839.8400,1
VBH9,19:22:55,3839.8400,3
VBH9,19:22:55,3728.0000,1
VBH9,19:23:02,3540.6500,5
VBH9,19:23:03,3654.4200,6
VBH9,19:23:35,3764.2700,1
VBH9,19:23:35,3652.4600,1
VBH9,19:23:46,3617.1300,5
VBH9,19:23:46,3579.8400,1
VBH9,19:24:45,3729.0000,1
VBH9,19:24:45,3803.5800,1
VBH9,19:25:54,3689.7300,2
VBH9,19:25:54,3764.2700,3
VBH9,19:25:54,3539.7000,1
VBH9,19:25:54,3763.2600,10
VBH9,19:25:54,3800.5200,6
VBH9,19:25:54,3614.2200,3
VBH9,19:25:54,3911.2500,1
VBH9,19:25:54,3762.2500,5
VBH9,19:26:35,3650.5000,3
VBH9,19:26:56,3799.5000,1
VBH9,19:27:21,3725.0000,1
VBH9,19:28:18,3765.2800,1
VBH9,19:28:55,3614.2200,2
VBH9,19:29:09,3727.0000,1
VBH9,19:29:09,3838.8100,3
VBH9,19:30:42,3839.8400,5
VBH9,19:30:47,3914.4000,1
VBH9,19:30:47,3766.2900,4
VBH9,19:31:21,3877.1200,6
VBH9,19:31:21,3541.6000,1
VBH9,19:32:28,3577.9200,2
VBH9,19:32:28,3801.5400,9
VBH9,19:32:28,3652.4600,1
VBH9,19:33:38,3579.8400,1
VBH9,19:33:38,3542.5500,3
VBH9,19:33:40,3915.4500,3
VBH9,19:33:50,3653.4400,1
VBH9,19:33:50,3765.2800,3
VBH9,19:33:50,3728.0000,3
VBH9,19:33:50,3764.2700,1
VBH9,19:33:50,3615.1900,6
VBH9,19:33:50,3614.2200,1
VBH9,19:33:50,3539.7000,1
VBH9,19:33:50,3651.4800,6
VBH9,19:33:50,3576.9600,6
VBH9,19:33:50,3726.0000,6
VBH9,19:33:50,3613.2500,1
VBH9,19:33:50,3650.5000,2
VBH9,19:33:50,3799.5000,5
VBH9,19:33:50,3724.0000,1
VBH9,19:33:50,3649.5200,6
VBH9,19:33:50,3761.2400,3
VBH9,19:33:50,3760.2300,10
VBH9,19:33:50,3685.7700,8
VBH9,19:33:50,3611.3100,6
VBH9,19:33:50,3611.3100,1
VBH9,19:33:50,3611.3100,4
VBH9,19:33:51,3798.4800,1
VBH9,19:33:51,3911.2500,1
VBH9,19:33:51,3723.0000,6
VBH9,19:33:51,3574.0800,5
VBH9,19:33:51,3612.2800,6
VBH9,19:34:34,3575.0400,6
VBH9,19:34:41,3798.4800,7
VBH9,19:35:21,3575.0400,5
VBH9,19:35:28,3612.2800,12
VBH9,19:35:28,3761.2400,10
VBH9,19:35:28,3537.8000,10
VBH9,19:35:28,3686.7600,5
VBH9,19:35:28,3724.0000,2
VBH9,19:36:27,3687.7500,1
VBH9,19:36:27,3836.7500,1
VBH9,19:37:07,3912.3000,1
VBH9,19:38:22,3913.3500,1
VBH9,19:38:22,3540.6500,6
VBH9,19:38:22,3728.0000,1
VBH9,19:38:22,3765.2800,6
VBH9,19:38:22,3915.4500,6
VBH9,19:38:22,3730.0000,2
VBH9,19:38:22,3916.5000,6
VBH9,19:38:22,3804.6000,1
VBH9,19:38:22,3767.3000,5
VBH9,19:38:22,3841.9000,10
VBH9,19:38:22,3692.7000,10
VBH9,19:38:22,3767.3000,10
VBH9,19:38:27,3767.3000,15
VBH9,19:38:33,3805.6200,6
VBH9,19:38:33,3769.3200,6
VBH9,19:38:33,3918.6000,10
VBH9,19:38:33,3546.3500,1
VBH9,19:38:33,3807.6600,18
VBH9,19:38:36,3657.3600,1
VBH9,19:38:39,3842.9300,1
VBH9,19:38:45,3731.0000,6
VBH9,19:38:45,3657.3600,1
VBH9,19:38:45,3770.3300,24
VBH9,19:38:45,3733.0000,8
VBH9,19:38:45,3658.3400,10
VBH9,19:38:45,3546.3500,6
VBH9,19:38:45,3919.6500,70
VBH9,19:39:05,3732.0000,6
VBH9,19:39:38,3880.2400,6
VBH9,19:39:38,3655.4000,1
VBH9,19:39:38,3730.0000,6
VBH9,19:39:38,3617.1300,6
VBH9,19:39:38,3839.8400,4
VBH9,19:39:58,3732.0000,11
VBH9,19:39:58,3844.9900,5
VBH9,19:39:58,3846.0200,1
VBH9,19:39:58,3584.6400,4
VBH9,19:39:58,3622.9500,1
VBH9,19:39:58,3809.7000,1
VBH9,19:39:58,3661.2800,43
VBH9,19:39:58,3622.9500,1
VBH9,19:40:12,3661.2800,10
VBH9,19:41:14,3733.0000,1
VBH9,19:41:14,3658.3400,6
VBH9,19:41:14,3919.6500,13
VBH9,19:41:14,3843.9600,1
VBH9,19:41:14,3657.3600,6
VBH9,19:41:14,3842.9300,1
VBH9,19:41:14,3619.0700,6
VBH9,19:41:14,3543.5000,1
VBH9,19:41:14,3730.0000,6
VBH9,19:41:14,3654.4200,1
VBH9,19:41:14,3840.8700,6
VBH9,19:41:14,3728.0000,2
VBH9,19:41:14,3913.3500,6
VBH9,19:41:14,3912.3000,6
VBH9,19:41:14,3912.3000,10
VBH9,19:41:14,3800.5200,28
VBH9,19:41:51,3802.5600,1
VBH9,19:42:32,3729.0000,4
VBH9,19:43:17,3619.0700,1
VBH9,19:43:17,3581.7600,5
VBH9,19:43:29,3581.7600,1
VBH9,19:45:00,3582.7200,10
VBH9,19:45:18,3844.9900,6
VBH9,19:45:18,3807.6600,4
VBH9,19:45:20,3769.3200,1
VBH9,19:45:24,3581.7600,3
VBH9,19:46:21,3696.6600,1
VBH9,19:46:21,3883.3600,6
VBH9,19:46:21,3846.0200,3
VBH9,19:46:21,3882.3200,2
VBH9,19:46:21,3918.6000,1
VBH9,19:46:21,3620.0400,4
VBH9,19:48:22,3585.6000,1
VBH9,19:49:41,3585.6000,2
VBH9,19:49:45,3847.0500,2
VBH9,19:49:45,3847.0500,1
VBH9,19:49:45,3585.6000,1
VBH9,19:49:45,3622.9500,1
VBH9,19:49:45,3661.2800,5
VBH9,19:50:00,3810.7200,3
VBH9,19:50:13,3586.5600,50
VBH9,19:50:17,3661.2800,4
VBH9,19:50:18,3736.0000,6
VBH9,19:50:20,3736.0000,34
VBH9,19:50:20,3885.4400,2
VBH9,19:50:30,3549.2000,1
VBH9,19:50:50,3848.0800,1
VBH9,19:53:30,3884.4000,2
VBH9,19:53:58,3885.4400,3
VBH9,19:54:30,3809.7000,1
VBH9,19:58:42,3698.6400,1
VBH9,19:59:13,3659.3200,1
VBH9,19:59:24,3807.6600,1
VBH9,19:59:24,3770.3300,2
VBH9,19:59:24,3843.9600,1
VBH9,20:00:56,3584.6400,3
VBH9,20:02:17,3659.3200,1
VBH9,20:05:45,3621.0100,6
VBH9,20:08:07,3808.6800,1
VBH9,20:09:05,3771.3400,5
VBH9,20:09:05,3808.6800,6
VBH9,20:09:05,3584.6400,1
VBH9,20:09:51,3883.3600,3
VBH9,20:10:01,3696.6600,5
VBH9,20:10:01,3771.3400,1
VBH9,20:13:54,3622.9500,5
VBH9,20:13:54,3772.3500,7
VBH9,20:13:54,3736.0000,6
VBH9,20:13:54,3849.1100,1
VBH9,20:13:54,3624.8900,6
VBH9,20:13:54,3624.8900,15
VBH9,20:13:54,3887.5200,1
VBH9,20:14:07,3887.5200,1
VBH9,20:14:14,3549.2000,6
VBH9,20:14:30,3737.0000,1
VBH9,20:14:30,3699.6300,5
VBH9,20:15:38,3924.9000,4
VBH9,20:15:39,3663.2400,3
VBH9,20:16:03,3924.9000,1
VBH9,20:16:03,3775.3800,1
VBH9,20:16:03,3625.8600,4
VBH9,20:16:03,3588.4800,4
VBH9,20:16:04,3551.1000,1
VBH9,20:16:04,3700.6200,1
VBH9,20:16:31,3888.5600,1
VBH9,20:17:19,3550.1500,1
VBH9,20:17:19,3550.1500,1
VBH9,20:17:20,3923.8500,1
VBH9,20:19:22,3887.5200,2
VBH9,20:19:22,3589.4400,1
VBH9,20:19:59,3774.3700,2
VBH9,20:19:59,3886.4800,1
VBH9,20:19:59,3923.8500,2
VBH9,20:20:06,3885.4400,6
VBH9,20:20:06,3661.2800,4
VBH9,20:20:07,3549.2000,1
VBH9,20:20:12,3623.9200,1
VBH9,20:20:17,3661.2800,1
VBH9,20:23:18,3585.6000,2
VBH9,20:23:48,3921.7500,1
VBH9,20:26:59,3775.3800,1
VBH9,20:26:59,3588.4800,2
VBH9,20:28:58,3850.1400,1
VBH9,20:32:45,3849.1100,1
VBH9,20:32:45,3885.4400,1
VBH9,20:33:03,3850.1400,1
VBH9,20:33:03,3700.6200,1
VBH9,20:33:14,3888.5600,4
VBH9,20:33:14,3888.5600,3
VBH9,20:33:40,3701.6100,1
VBH9,20:33:40,3851.1700,1
VBH9,20:35:19,3773.3600,1
VBH9,20:35:19,3810.7200,4
VBH9,20:35:47,3737.0000,6
VBH9,20:36:22,3624.8900,3
VBH9,20:40:32,3551.1000,5
VBH9,20:41:23,3887.5200,1
VBH9,20:47:33,3924.9000,1
VBH9,20:47:55,3701.6100,1
VBH9,20:47:55,3552.0500,2
VBH9,20:48:03,3625.8600,3
VBH9,20:48:03,3775.3800,1
VBH9,20:49:32,3739.0000,1
VBH9,20:49:54,3625.8600,1
VBH9,20:50:37,3849.1100,11
VBH9,20:50:41,3700.6200,6
VBH9,20:50:41,3739.0000,4
VBH9,20:53:56,3698.6400,1
VBH9,20:53:56,3921.7500,1
VBH9,20:53:56,3697.6500,1
VBH9,20:54:24,3810.7200,2
VBH9,20:54:24,3922.8000,1
VBH9,20:54:24,3549.2000,1
VBH9,20:54:24,3698.6400,1
VBH9,20:54:24,3773.3600,1
VBH9,20:54:24,3550.1500,1
VBH9,20:54:24,3886.4800,2
VBH9,20:55:15,3921.7500,4
VBH9,20:56:45,3697.6500,1
VBH9,20:59:43,3622.9500,2
VBH9,21:00:02,3735.0000,5
VBH9,21:00:02,3584.6400,1
VBH9,21:00:02,3920.7000,1
VBH9,21:00:02,3696.6600,2
VBH9,21:00:02,3771.3400,4
VBH9,21:01:26,3771.3400,1
VBH9,21:03:27,3658.3400,1
VBH9,21:03:41,3733.0000,5
VBH9,21:03:41,3844.9900,1
VBH9,21:08:33,3737.0000,1
VBH9,21:08:33,3886.4800,6
VBH9,21:08:33,3887.5200,6
VBH9,21:08:33,3775.3800,1
VBH9,21:08:33,3700.6200,6
VBH9,21:09:34,3624.8900,1
VBH9,21:09:36,3887.5200,4
VBH9,21:09:36,3925.9500,1
VBH9,21:09:37,3850.1400,2
VBH9,21:09:37,3739.0000,1
VBH9,21:10:16,3587.5200,6
VBH9,21:10:16,3810.7200,1
VBH9,21:10:16,3848.0800,3
VBH9,21:14:09,3698.6400,5
VBH9,21:14:18,3663.2400,1
VBH9,21:14:27,3623.9200,1
VBH9,21:14:27,3549.2000,1
VBH9,21:14:41,3622.9500,10
VBH9,21:15:42,3884.4000,1
VBH9,21:17:08,3660.3000,6
VBH9,21:17:19,3622.9500,3
VBH9,21:17:36,3735.0000,3
VBH9,21:20:09,3660.3000,1
VBH9,21:20:48,3697.6500,1
VBH9,21:21:02,3661.2800,2
VBH9,21:21:11,3661.2800,17
VBH9,21:21:11,3922.8000,75
VBH9,21:21:13,3549.2000,4
VBH9,21:22:37,3922.8000,10
VBH9,21:24:19,3585.6000,3
VBH9,21:25:09,3772.3500,1
VBH9,21:25:37,3847.0500,4
VBH9,21:25:37,3735.0000,1
VBH9,21:25:37,3585.6000,1
VBH9,21:25:37,3697.6500,1
VBH9,21:25:37,3622.9500,1
VBH9,21:25:37,3772.3500,1
VBH9,21:25:37,3548.2500,2
VBH9,21:25:37,3622.9500,9
VBH9,21:26:11,3659.3200,1
VBH9,21:26:19,3808.6800,9
VBH9,21:27:24,3585.6000,6
VBH9,21:27:24,3697.6500,4
VBH9,21:27:24,3772.3500,1
VBH9,21:29:10,3547.3000,1
VBH9,21:29:10,3734.0000,1
VBH9,21:33:47,3735.0000,5
VBH9,21:34:53,3885.4400,1
VBH9,21:35:39,3697.6500,6
VBH9,21:35:39,3697.6500,5
VBH9,21:36:22,3921.7500,6
VBH9,21:36:22,3809.7000,3
VBH9,21:36:47,3884.4000,3
VBH9,21:38:29,3920.7000,2
VBH9,21:38:59,3810.7200,1
VBH9,21:38:59,3586.5600,6
VBH9,21:38:59,3923.8500,6
VBH9,21:39:28,3923.8500,2
VBH9,21:42:44,3848.0800,2
VBH9,21:43:59,3548.2500,6
VBH9,21:44:15,3661.2800,4
VBH9,21:45:08,3547.3000,1
VBH9,21:45:08,3883.3600,9
VBH9,21:45:08,3659.3200,10
VBH9,21:46:31,3621.9800,20
VBH9,21:46:58,3734.0000,1
VBH9,21:47:04,3885.4400,1
VBH9,21:47:04,3586.5600,4
VBH9,21:47:05,3808.6800,3
VBH9,21:47:09,3586.5600,5
VBH9,21:49:48,3621.9800,2
VBH9,21:55:25,3847.0500,29
VBH9,21:59:22,3623.9200,1
VBH9,22:04:28,3661.2800,4
VBH9,22:04:41,3773.3600,1
VBH9,22:05:12,3586.5600,4
VBH9,22:06:20,3809.7000,1
VBH9,22:06:41,3549.2000,1
VBH9,22:06:41,3848.0800,4
VBH9,22:08:06,3921.7500,1
VBH9,22:12:55,3585.6000,1
VBH9,22:12:57,3697.6500,1
VBH9,22:12:59,3697.6500,1
VBH9,22:14:06,3737.0000,5
VBH9,22:16:43,3623.9200,1
VBH9,22:16:59,3660.3000,1
VBH9,22:18:50,3921.7500,1
VBH9,22:20:22,3737.0000,1
VBH9,22:20:22,3699.6300,6
VBH9,22:20:22,3774.3700,2
VBH9,22:20:22,3663.2400,1
VBH9,22:20:23,3887.5200,3
VBH9,22:20:31,3737.0000,5
VBH9,22:34:19,3850.1400,1
VBH9,22:34:19,3812.7600,6
VBH9,22:35:19,3773.3600,1
VBH9,22:38:56,3738.0000,12
VBH9,22:39:40,3738.0000,3
VBH9,22:39:40,3700.6200,2
VBH9,22:42:18,3739.0000,2
VBH9,22:42:19,3776.3900,1
VBH9,22:42:19,3552.0500,1
VBH9,22:42:19,3851.1700,3
VBH9,22:42:19,3888.5600,1
VBH9,22:44:36,3925.9500,4
VBH9,22:44:36,3589.4400,2
VBH9,22:44:36,3888.5600,1
VBH9,22:44:36,3552.0500,3
VBH9,22:45:52,3552.0500,5
VBH9,22:50:25,3925.9500,1
VBH9,22:51:20,3775.3800,2
VBH9,22:56:53,3552.0500,1
VBH9,23:01:27,3550.1500,4
VBH9,23:02:01,3664.2200,1
VBH9,23:02:01,3701.6100,5
VBH9,23:02:01,3664.2200,14
VBH9,23:02:37,3924.9000,10
VBH9,23:03:13,3588.4800,5
VBH9,23:03:35,3738.0000,10
VBH9,23:03:46,3738.0000,5
VBH9,23:05:03,3664.2200,15
VBH9,23:06:00,3776.3900,51
VBH9,23:06:00,3888.5600,24
VBH9,23:06:00,3925.9500,9
VBH9,23:06:12,3589.4400,47
VBH9,23:06:12,3776.3900,3
VBH9,23:06:43,3626.8300,10
VBH9,23:06:43,3888.5600,10
VBH9,23:15:32,3776.3900,29
VBH9,23:15:32,3664.2200,7
VBH9,23:16:06,3740.0000,5
VBH9,23:16:06,3889.6000,1
VBH9,23:16:06,3927.0000,3
VBH9,23:16:06,3702.6000,2
VBH9,23:16:06,3852.2000,8
VBH9,23:16:12,3627.8000,1
VBH9,23:16:38,3927.0000,6
VBH9,23:18:15,3739.0000,1
VBH9,23:19:16,3664.2200,1
VBH9,23:19:20,3627.8000,2
VBH9,23:19:25,3739.0000,8
VBH9,23:20:34,3664.2200,2
VBH9,23:20:34,3925.9500,5
VBH9,23:23:17,3701.6100,1
VBH9,23:24:40,3776.3900,1
VBH9,23:24:59,3776.3900,1
VBH9,23:25:14,3925.9500,2
VBH9,23:25:48,3739.0000,3
VBH9,23:25:58,3888.5600,7
VBH9,23:25:58,3888.5600,1
VBH9,23:27:43,3927.0000,2
VBH9,23:27:49,3739.0000,1
VBH9,23:27:52,3588.4800,1
VBH9,23:27:58,3627.8000,2
VBH9,23:28:06,3551.1000,1
VBH9,23:28:08,3887.5200,5
VBH9,23:28:08,3849.1100,1
VBH9,23:28:24,3550.1500,1
VBH9,23:30:40,3851.1700,1
VBH9,23:32:17,3775.3800,1
VBH9,23:32:17,3662.2600,40
VBH9,23:32:17,3811.7400,1
VBH9,23:32:17,3624.8900,1
VBH9,23:32:17,3886.4800,1
VBH9,23:32:17,3737.0000,10
VBH9,23:32:17,3662.2600,1
VBH9,23:32:17,3811.7400,1
VBH9,23:32:17,3550.1500,6
VBH9,23:32:17,3623.9200,5
VBH9,23:32:17,3922.8000,10
VBH9,23:32:17,3772.3500,1
VBH9,23:32:17,3884.4000,6
VBH9,23:32:17,3771.3400,6
VBH9,23:32:17,3659.3200,4
VBH9,23:32:17,3584.6400,10
VBH9,23:32:17,3583.6800,1
VBH9,23:32:17,3695.6700,6
VBH9,23:32:17,3583.6800,5
VBH9,23:32:17,3583.6800,1
VBH9,23:32:17,3732.0000,4
VBH9,23:32:17,3806.6400,4
VBH9,23:32:17,3769.3200,6
VBH9,23:32:17,3732.0000,1
VBH9,23:32:17,3694.6800,1
VBH9,23:32:17,3769.3200,5
VBH9,23:32:17,3843.9600,5
VBH9,23:32:17,3806.6400,5
VBH9,23:32:17,3656.3800,5
VBH9,23:32:17,3656.3800,5
VBH9,23:32:17,3917.5500,30
VBH9,23:32:17,3731.0000,80
VBH9,23:32:17,3917.5500,8
VBH9,23:32:17,3731.0000,8
VBH9,23:32:17,3619.0700,8
VBH9,23:32:17,3544.4500,8
VBH9,23:32:17,3730.0000,1
VBH9,23:32:17,3580.8000,5
VBH9,23:32:17,3543.5000,1
VBH9,23:32:17,3730.0000,28
VBH9,23:32:17,3767.3000,5
VBH9,23:32:17,3766.2900,2
VBH9,23:32:17,3803.5800,1
VBH9,23:32:17,3542.5500,30
VBH9,23:32:17,3803.5800,5
VBH9,23:32:17,3578.8800,19
VBH9,23:32:17,3729.0000,1
VBH9,23:32:17,3654.4200,1
VBH9,23:32:17,3617.1300,3
VBH9,23:32:17,3807.6600,1
VBH9,23:32:17,3695.6700,2
VBH9,23:32:17,3546.3500,10
VBH9,23:32:18,3922.8000,1
VBH9,23:32:19,3547.3000,6
VBH9,23:32:19,3734.0000,6
VBH9,23:32:21,3546.3500,10
VBH9,23:34:56,3547.3000,6
VBH9,23:34:56,3621.9800,4
VBH9,23:36:05,3809.7000,6
VBH9,23:36:27,3697.6500,6
VBH9,23:36:27,3585.6000,14
VBH9,23:37:17,3585.6000,5
VBH9,23:40:15,3921.7500,3
VBH9,23:40:35,3846.0200,6
VBH9,23:41:15,3883.3600,1
VBH9,23:41:15,3883.3600,1
VBH9,23:41:15,3658.3400,1
VBH9,23:41:15,3694.6800,1
VBH9,23:41:15,3694.6800,2
VBH9,23:41:26,3583.6800,1
VBH9,23:42:24,3660.3000,2
VBH9,23:42:30,3843.9600,1
VBH9,23:46:24,3549.2000,1
VBH9,23:46:26,3806.6400,2
VBH9,23:46:26,3582.7200,1
VBH9,23:47:12,3918.6000,1
VBH9,23:48:03,3772.3500,6
VBH9,23:48:41,3621.9800,6
VBH9,23:48:41,3582.7200,6
VBH9,23:48:42,3693.6900,5
VBH9,23:48:46,3805.6200,1
VBH9,23:48:47,3879.2000,1
VBH9,23:48:47,3840.8700,20
VBH9,23:48:47,3766.2900,1
VBH9,23:48:47,3840.8700,80
VBH9,23:48:47,3878.1600,47
VBH9,23:48:48,3660.3000,3
VBH9,23:49:29,3543.5000,2
VBH9,23:49:53,3623.9200,3
VBH9,10:00:00,3849.1100,1
VBH9,10:00:00,3850.1400,1
VBH9,10:00:00,3552.0500,1
VBH9,10:00:00,3889.6000,3
VBH9,10:00:00,3814.8000,1
VBH9,10:00:00,3590.4000,20
VBH9,10:00:00,3814.8000,20
VBH9,10:00:01,3702.6000,20
VBH9,10:00:01,3927.0000,10
VBH9,10:00:01,3702.6000,1
VBH9,10:00:01,3778.4100,1
VBH9,10:00:01,3629.7400,1
VBH9,10:00:01,3554.9000,1
VBH9,10:00:01,3663.2400,5
VBH9,10:00:01,3590.4000,13
VBH9,10:00:01,3930.1500,1
VBH9,10:00:01,3556.8000,1
VBH9,10:00:01,3594.2400,1
VBH9,10:00:01,3893.7600,2
VBH9,10:00:01,3557.7500,1
VBH9,10:00:01,3670.1000,4
VBH9,10:00:01,3819.9000,3
VBH9,10:00:01,3896.8800,1
VBH9,10:00:01,3559.6500,1
VBH9,10:00:01,3635.5600,1
VBH9,10:00:01,3710.5200,1
VBH9,10:00:01,3898.9600,1
VBH9,10:00:01,3936.4500,1
VBH9,10:00:01,3785.4800,1
VBH9,10:00:01,3858.3800,5
VBH9,10:00:02,3557.7500,10
VBH9,10:00:02,3893.7600,9
VBH9,10:00:02,3670.1000,6
VBH9,10:00:02,3632.6500,3
VBH9,10:00:02,3785.4800,1
VBH9,10:00:03,3785.4800,1
VBH9,10:00:03,3598.0800,1
VBH9,10:00:03,3673.0400,4
VBH9,10:00:03,3819.9000,3
VBH9,10:00:04,3745.0000,1
VBH9,10:00:04,3896.8800,1
VBH9,10:00:06,3782.4500,1
VBH9,10:00:06,3894.8000,1
VBH9,10:00:06,3820.9200,3
VBH9,10:00:06,3933.3000,5
VBH9,10:00:07,3782.4500,3
VBH9,10:00:08,3635.5600,2
VBH9,10:00:08,3635.5600,13
VBH9,10:00:08,3935.4000,13
VBH9,10:00:08,3635.5600,12
VBH9,10:00:09,3673.0400,1
VBH9,10:00:09,3673.0400,8
VBH9,10:00:09,3748.0000,2
VBH9,10:00:10,3934.3500,8
VBH9,10:00:11,3748.0000,5
VBH9,10:00:13,3747.0000,1
VBH9,10:00:15,3897.9200,4
VBH9,10:00:17,3636.5300,1
VBH9,10:00:17,3934.3500,9
VBH9,10:00:18,3860.4400,19
VBH9,10:00:20,3634.5900,5
VBH9,10:00:22,3823.9800,5
VBH9,10:00:23,3559.6500,2
VBH9,10:00:24,3786.4900,15
VBH9,10:00:26,3597.1200,15
VBH9,10:00:29,3860.4400,3
VBH9,10:00:31,3782.4500,1
VBH9,10:00:32,3558.7000,3
VBH9,10:00:32,3596.1600,7
VBH9,10:00:32,3746.0000,4
VBH9,10:00:32,3633.6200,13
VBH9,10:00:32,3820.9200,2
VBH9,10:00:33,3858.3800,11
VBH9,10:00:33,3671.0800,3
VBH9,10:00:34,3782.4500,1
VBH9,10:00:35,3822.9600,1
VBH9,10:00:35,3598.0800,3
VBH9,10:00:37,3707.5500,3
VBH9,10:00:37,3748.0000,3
VBH9,10:00:37,3598.0800,13
VBH9,10:00:37,3748.0000,13
VBH9,10:00:37,3636.5300,60
VBH9,10:00:37,3711.5100,11
VBH9,10:00:39,3747.0000,1
VBH9,10:00:44,3707.5500,46
VBH9,10:00:44,3746.0000,3
VBH9,10:00:45,3668.1400,3
VBH9,10:00:50,3708.5400,1
VBH9,10:00:55,3593.2800,5
VBH9,10:00:55,3630.7100,19
VBH9,10:00:55,3630.7100,24
VBH9,10:00:55,3633.6200,3
VBH9,10:00:56,3779.4200,3
VBH9,10:00:59,3708.5400,3
VBH9,10:00:59,3671.0800,5
VBH9,10:00:59,3746.0000,12
VBH9,10:01:07,3630.7100,10
VBH9,10:01:07,3743.0000,1
VBH9,10:01:08,3894.8000,3
VBH9,10:01:18,3894.8000,3
VBH9,10:01:23,3782.4500,4
VBH9,10:01:23,3857.3500,1
VBH9,10:01:23,3557.7500,13
VBH9,10:01:23,3932.2500,3
VBH9,10:01:23,3670.1000,5
VBH9,10:01:23,3558.7000,1
VBH9,10:01:24,3632.6500,3
VBH9,10:01:24,3819.9000,25
VBH9,10:01:24,3632.6500,45
VBH9,10:01:24,3557.7500,1
VBH9,10:01:25,3631.6800,16
VBH9,10:01:25,3930.1500,4
VBH9,10:01:25,3858.3800,3
VBH9,10:01:26,3781.4400,1
VBH9,10:01:31,3633.6200,13
VBH9,10:01:31,3746.0000,13
VBH9,10:01:31,3895.8400,1
VBH9,10:01:31,3670.1000,3
VBH9,10:01:42,3859.4100,13
VBH9,10:01:42,3821.9400,13
VBH9,10:01:42,3935.4000,4
VBH9,10:01:42,3786.4900,3
VBH9,10:01:43,3672.0600,1
VBH9,10:01:43,3859.4100,3
VBH9,10:01:46,3785.4800,1
VBH9,10:01:46,3785.4800,13
VBH9,10:01:46,3860.4400,13
VBH9,10:01:47,3784.4700,1
VBH9,10:01:51,3749.0000,16
VBH9,10:01:51,3561.5500,1
VBH9,10:01:51,3599.0400,5
VBH9,10:01:51,3599.0400,5
VBH9,10:01:51,3861.4700,23
VBH9,10:01:53,3749.0000,24
VBH9,10:01:53,3861.4700,8
VBH9,10:01:53,3711.5100,5
VBH9,10:01:53,3636.5300,13
VBH9,10:01:53,3711.5100,20
VBH9,10:01:53,3636.5300,16
VBH9,10:01:53,3711.5100,4
VBH9,10:01:53,3749.0000,16
VBH9,10:01:53,3898.9600,16
VBH9,10:01:53,3674.0200,1
VBH9,10:02:03,3821.9400,1
VBH9,10:02:05,3560.6000,16
VBH9,10:02:11,3560.6000,1
VBH9,10:02:11,3860.4400,2
VBH9,10:02:11,3748.0000,3
VBH9,10:02:17,3597.1200,16
VBH9,10:02:17,3597.1200,1
VBH9,10:02:17,3672.0600,10
VBH9,10:02:17,3634.5900,6
VBH9,10:02:17,3784.4700,10
VBH9,10:02:17,3597.1200,6
VBH9,10:02:20,3860.4400,1
VBH9,10:02:20,3935.4000,13
VBH9,10:02:20,3560.6000,13
VBH9,10:02:20,3636.5300,10
VBH9,10:02:20,3936.4500,3
VBH9,10:02:23,3598.0800,6
VBH9,10:02:23,3748.0000,6
VBH9,10:02:23,3896.8800,1
VBH9,10:02:33,3895.8400,1
VBH9,10:02:33,3820.9200,16
VBH9,10:02:38,3671.0800,10
VBH9,10:02:38,3633.6200,3
VBH9,10:02:38,3596.1600,7
VBH9,10:02:39,3894.8000,1
VBH9,10:02:39,3632.6500,1
VBH9,10:02:40,3746.0000,3
VBH9,10:02:41,3857.3500,3
VBH9,10:02:43,3632.6500,7
VBH9,10:02:43,3783.4600,3
VBH9,10:02:43,3596.1600,13
VBH9,10:02:43,3858.3800,20
VBH9,10:02:43,3821.9400,6
VBH9,10:02:43,3821.9400,16
VBH9,10:02:44,3633.6200,1
VBH9,10:02:50,3633.6200,10
VBH9,10:02:50,3746.0000,13
VBH9,10:02:50,3783.4600,7
VBH9,10:02:52,3818.8800,1
VBH9,10:02:52,3931.2000,1
VBH9,10:02:52,3594.2400,4
VBH9,10:02:52,3744.0000,6
VBH9,10:02:52,3555.8500,20
VBH9,10:02:52,3818.8800,1
VBH9,10:02:52,3595.2000,2
VBH9,10:02:53,3857.3500,6
VBH9,10:02:53,3632.6500,11
VBH9,10:03:00,3856.3200,1
VBH9,10:03:03,3892.7200,9
VBH9,10:03:10,3893.7600,1
VBH9,10:03:10,3818.8800,13
VBH9,10:03:10,3856.3200,13
VBH9,10:03:10,3557.7500,1
VBH9,10:03:10,3745.0000,1
VBH9,10:03:11,3707.5500,2
VBH9,10:03:11,3632.6500,3
VBH9,10:03:11,3671.0800,1
VBH9,10:03:11,3558.7000,15
VBH9,10:03:12,3782.4500,3
VBH9,10:03:14,3595.2000,2
VBH9,10:03:18,3782.4500,2
VBH9,10:03:44,3781.4400,4
VBH9,10:03:44,3818.8800,4
VBH9,10:03:44,3631.6800,4
VBH9,10:03:44,3893.7600,3
VBH9,10:03:44,3669.1200,1
VBH9,10:03:45,3932.2500,1
VBH9,10:03:45,3932.2500,2
VBH9,10:03:57,3819.9000,1
VBH9,10:04:00,3558.7000,1
VBH9,10:04:00,3783.4600,13
VBH9,10:04:00,3896.8800,4
VBH9,10:04:01,3746.0000,1
VBH9,10:04:01,3633.6200,2
VBH9,10:04:03,3558.7000,10
VBH9,10:04:04,3633.6200,4
VBH9,10:04:04,3707.5500,1
VBH9,10:04:04,3559.6500,1
VBH9,10:04:04,3634.5900,2
VBH9,10:04:05,3820.9200,3
VBH9,10:04:18,3896.8800,11
VBH9,10:04:18,3597.1200,1
VBH9,10:04:18,3673.0400,1
VBH9,10:04:18,3748.0000,1
VBH9,10:04:21,3823.9800,17
VBH9,10:04:21,3711.5100,6
VBH9,10:04:21,3599.0400,14
VBH9,10:04:21,3674.0200,4
VBH9,10:04:21,3786.4900,3
VBH9,10:04:21,3749.0000,17
VBH9,10:04:21,3861.4700,1
VBH9,10:04:21,3636.5300,1
VBH9,10:04:21,3711.5100,71
VBH9,10:04:21,3673.0400,1
VBH9,10:04:25,3937.5000,1
VBH9,10:04:25,3787.5000,37
VBH9,10:04:25,3562.5000,1
VBH9,10:04:25,3750.0000,11
VBH9,10:04:25,3675.0000,67
VBH9,10:04:25,3637.5000,14
VBH9,10:04:25,3750.0000,1
VBH9,10:04:25,3600.0000,1
VBH9,10:04:25,3900.0000,29
VBH9,10:04:25,3937.5000,1
VBH9,10:04:25,3900.0000,1
VBH9,10:04:25,3788.5100,2
VBH9,10:04:25,3823.9800,1
VBH9,10:04:26,3826.0200,3
VBH9,10:04:26,3751.0000,1
VBH9,10:04:31,3712.5000,2
VBH9,10:04:34,3637.5000,8
VBH9,10:04:34,3750.0000,16
VBH9,10:04:34,3712.5000,10
VBH9,10:04:34,3675.0000,6
VBH9,10:04:42,3750.0000,10
VBH9,10:04:42,3712.5000,1
VBH9,10:04:42,3600.0000,206
VBH9,10:04:42,3637.5000,22
VBH9,10:04:42,3825.0000,61
VBH9,10:04:43,3900.0000,3
VBH9,10:05:01,3826.0200,58
VBH9,10:05:01,3788.5100,5
VBH9,10:05:01,3563.4500,13
VBH9,10:05:01,3903.1200,4
VBH9,10:05:01,3753.0000,1
VBH9,10:05:01,3602.8800,2
VBH9,10:05:01,3602.8800,19
VBH9,10:05:01,3715.4700,1
VBH9,10:05:01,3677.9400,1
VBH9,10:05:01,3940.6500,4
VBH9,10:05:01,3602.8800,10
VBH9,10:05:01,3940.6500,5
VBH9,10:05:02,3829.0800,1
VBH9,10:05:02,3716.4600,1
VBH9,10:05:02,3829.0800,13
VBH9,10:05:03,3602.8800,10
VBH9,10:05:09,3941.7000,11
VBH9,10:05:09,3678.9200,9
VBH9,10:05:09,3604.8000,125
VBH9,10:05:11,3677.9400,1
VBH9,10:05:14,3640.4100,15
VBH9,10:05:16,3942.7500,1
VBH9,10:05:21,3566.3000,10
VBH9,10:05:21,3866.6200,13
VBH9,10:05:21,3754.0000,30
VBH9,10:05:25,3602.8800,8
VBH9,10:05:25,3565.3500,8
VBH9,10:05:25,3565.3500,5
VBH9,10:05:25,3829.0800,10
VBH9,10:05:25,3603.8400,30
VBH9,10:05:25,3829.0800,13
VBH9,10:05:25,3641.3800,10
VBH9,10:05:29,3641.3800,10
VBH9,10:05:29,3602.8800,4
VBH9,10:05:29,3753.0000,7
VBH9,10:05:29,3865.5900,5
VBH9,10:05:38,3754.0000,3
VBH9,10:05:38,3791.5400,13
VBH9,10:05:38,3677.9400,8
VBH9,10:05:40,3717.4500,6
VBH9,10:05:40,3792.5500,13
VBH9,10:05:40,3642.3500,5
VBH9,10:05:40,3867.6500,1
VBH9,10:05:40,3679.9000,5
VBH9,10:05:40,3642.3500,1
VBH9,10:05:40,3755.0000,6
VBH9,10:05:40,3830.1000,13
VBH9,10:05:40,3793.5600,1
VBH9,10:05:40,3643.3200,1
VBH9,10:05:40,3943.8000,6
VBH9,10:05:40,3756.0000,3
VBH9,10:05:40,3868.6800,20
VBH9,10:05:40,3680.8800,25
VBH9,10:05:40,3756.0000,15
VBH9,10:05:40,3644.2900,2
VBH9,10:05:40,3869.7100,2
VBH9,10:05:40,3644.2900,3
VBH9,10:05:40,3644.2900,6
VBH9,10:05:40,3869.7100,1
VBH9,10:05:40,3681.8600,20
VBH9,10:05:40,3607.6800,1
VBH9,10:05:40,3758.0000,1
VBH9,10:05:40,3645.2600,6
VBH9,10:05:40,3795.5800,15
VBH9,10:05:40,3834.1800,10
VBH9,10:05:40,3721.4100,5
VBH9,10:05:40,3759.0000,1
VBH9,10:05:40,3796.5900,6
VBH9,10:05:40,3909.3600,6
VBH9,10:05:40,3568.2000,1
VBH9,10:05:41,3943.8000,5
VBH9,10:05:43,3906.2400,1
VBH9,10:05:44,3755.0000,10
VBH9,10:05:44,3942.7500,1
VBH9,10:05:45,3867.6500,1
VBH9,10:05:45,3866.6200,1
VBH9,10:05:45,3941.7000,2
VBH9,10:05:45,3568.2000,9
VBH9,10:05:45,3906.2400,40
VBH9,10:05:45,3568.2000,3
VBH9,10:05:45,3605.7600,10
VBH9,10:05:45,3832.1400,2
VBH9,10:05:45,3908.3200,20
VBH9,10:05:45,3945.9000,1
VBH9,10:05:45,3720.4200,67
VBH9,10:05:47,3681.8600,2
VBH9,10:05:47,3757.0000,1
VBH9,10:05:50,3795.5800,10
VBH9,10:05:50,3870.7400,13
VBH9,10:05:50,3682.8400,13
VBH9,10:05:50,3683.8200,52
VBH9,10:05:50,3571.0500,1
VBH9,10:05:50,3722.4000,1
VBH9,10:05:50,3760.0000,10
VBH9,10:05:50,3835.2000,1
VBH9,10:05:50,3910.4000,5
VBH9,10:05:50,3609.6000,40
VBH9,10:05:50,3610.5600,4
VBH9,10:05:50,3761.0000,10
VBH9,10:05:50,3648.1700,1
VBH9,10:05:50,3762.0000,10
VBH9,10:05:50,3950.1000,10
VBH9,10:05:50,3612.4800,1
VBH9,10:05:50,3725.3700,1
VBH9,10:05:50,3574.8500,1
VBH9,10:05:50,3687.7400,15
VBH9,10:05:50,3575.8000,1
VBH9,10:05:51,3682.8400,1
VBH9,10:05:51,3645.2600,2
VBH9,10:05:51,3797.6000,1
VBH9,10:05:51,3610.5600,2
VBH9,10:05:51,3607.6800,1
VBH9,10:05:53,3872.8000,1
VBH9,10:05:54,3872.8000,10
VBH9,10:05:54,3798.6100,1
VBH9,10:05:55,3721.4100,2
VBH9,10:05:55,3836.2200,7
VBH9,10:05:55,3610.5600,13
VBH9,10:05:55,3685.7800,13
VBH9,10:05:55,3873.8300,30
VBH9,10:05:55,3572.9500,10
VBH9,10:05:55,3573.9000,20
VBH9,10:05:55,3651.0800,9
VBH9,10:05:55,3801.6400,1
VBH9,10:05:55,3764.0000,10
VBH9,10:05:55,3877.9500,50
VBH9,10:05:55,3873.8300,1
VBH9,10:05:57,3948.0000,6
VBH9,10:05:57,3647.2000,10
VBH9,10:05:57,3684.8000,15
VBH9,10:05:57,3609.6000,1
VBH9,10:05:59,3610.5600,1
VBH9,10:05:59,3949.0500,13
VBH9,10:05:59,3911.4400,6
VBH9,10:05:59,3872.8000,1
VBH9,10:05:59,3760.0000,1
VBH9,10:06:00,3911.4400,7
VBH9,10:06:00,3611.5200,1
VBH9,10:06:00,3649.1400,10
VBH9,10:06:00,3762.0000,2
VBH9,10:06:00,3762.0000,10
VBH9,10:06:00,3799.6200,40
VBH9,10:06:00,3763.0000,11
VBH9,10:06:00,3800.6300,1
VBH9,10:06:00,3687.7400,6
VBH9,10:06:00,3875.8900,20
VBH9,10:06:00,3839.2800,10
VBH9,10:06:00,3914.5600,2
VBH9,10:06:00,3914.5600,1
VBH9,10:06:00,3576.7500,6
VBH9,10:06:00,3765.0000,7
VBH9,10:06:00,3840.3000,5
VBH9,10:06:00,3652.0500,10
VBH9,10:06:00,3841.3200,1
VBH9,10:06:00,3878.9800,10
VBH9,10:06:00,3653.0200,15
VBH9,10:06:00,3616.3200,3
VBH9,10:06:00,3653.9900,42
VBH9,10:06:00,3912.4800,33
VBH9,10:06:01,3837.2400,1
VBH9,10:06:01,3686.7600,6
VBH9,10:06:01,3912.4800,13
VBH9,10:06:02,3686.7600,15
VBH9,10:06:03,3797.6000,1
VBH9,10:06:03,3722.4000,6
VBH9,10:06:03,3910.4000,3
VBH9,10:06:03,3873.8300,1
VBH9,10:06:03,3649.1400,1
VBH9,10:06:04,3948.0000,10
VBH9,10:06:04,3835.2000,16
VBH9,10:06:04,3835.2000,15
VBH9,10:06:04,3721.4100,6
VBH9,10:06:04,3646.2300,1
VBH9,10:06:05,3647.2000,71
VBH9,10:06:05,3760.0000,43
VBH9,10:06:08,3835.2000,25
VBH9,10:06:10,3647.2000,100
VBH9,10:06:10,3684.8000,100
VBH9,10:06:15,3908.3200,6
VBH9,10:06:15,3681.8600,6
VBH9,10:06:15,3681.8600,3
VBH9,10:06:15,3794.5700,40
VBH9,10:06:15,3907.2800,6
VBH9,10:06:15,3643.3200,6
VBH9,10:06:15,3868.6800,14
VBH9,10:06:15,3831.1200,1
VBH9,10:06:15,3943.8000,10
VBH9,10:06:15,3605.7600,6
VBH9,10:06:15,3568.2000,3
VBH9,10:06:15,3680.8800,6
VBH9,10:06:15,3832.1400,1
VBH9,10:06:15,3757.0000,6
VBH9,10:06:15,3869.7100,40
VBH9,10:06:15,3569.1500,6
VBH9,10:06:15,3795.5800,6
VBH9,10:06:15,3570.1000,15
VBH9,10:06:15,3721.4100,10
VBH9,10:06:15,3871.7700,6
VBH9,10:06:15,3683.8200,1
VBH9,10:06:15,3609.6000,78
VBH9,10:06:15,3606.7200,3
VBH9,10:06:16,3680.8800,1
VBH9,10:06:16,3832.1400,3
VBH9,10:06:17,3719.4300,3
VBH9,10:06:17,3719.4300,3
VBH9,10:06:17,3644.2900,13
VBH9,10:06:17,3907.2800,13
VBH9,10:06:17,3719.4300,13
VBH9,10:06:17,3645.2600,1
VBH9,10:06:20,3644.2900,1
VBH9,10:06:20,3569.1500,3
VBH9,10:06:20,3831.1200,1
VBH9,10:06:20,3681.8600,10
VBH9,10:06:20,3944.8500,40
VBH9,10:06:20,3682.8400,1
VBH9,10:06:20,3946.9500,10
VBH9,10:06:20,3871.7700,9
VBH9,10:06:21,3570.1000,3
VBH9,10:06:21,3720.4200,1
VBH9,10:06:21,3945.9000,10
VBH9,10:06:21,3682.8400,6
VBH9,10:06:21,3759.0000,4
VBH9,10:06:21,3871.7700,13
VBH9,10:06:21,3683.8200,20
VBH9,10:06:21,3684.8000,12
VBH9,10:06:23,3644.2900,1
VBH9,10:06:25,3720.4200,13
VBH9,10:06:25,3795.5800,13
VBH9,10:06:25,3908.3200,13
VBH9,10:06:25,3945.9000,25
VBH9,10:06:26,3759.0000,10
VBH9,10:06:26,3871.7700,50
VBH9,10:06:26,3871.7700,40
VBH9,10:06:27,3570.1000,1
VBH9,10:06:29,3569.1500,1
VBH9,10:06:30,3720.4200,10
VBH9,10:06:30,3870.7400,13
VBH9,10:06:30,3645.2600,13
VBH9,10:06:30,3570.1000,13
VBH9,10:06:30,3946.9500,1
VBH9,10:06:30,3946.9500,40
VBH9,10:06:31,3797.6000,46
VBH9,10:06:31,3684.8000,84
VBH9,10:06:31,3948.0000,1
VBH9,10:06:31,3647.2000,1
VBH9,10:06:31,3797.6000,6
VBH9,10:06:31,3722.4000,2
VBH9,10:06:31,3798.6100,6
VBH9,10:06:31,3911.4400,7
VBH9,10:06:31,3798.6100,6
VBH9,10:06:31,3873.8300,1
VBH9,10:06:31,3610.5600,6
VBH9,10:06:31,3722.4000,1
VBH9,10:06:31,3722.4000,6
VBH9,10:06:31,3872.8000,16
VBH9,10:06:31,3910.4000,6
VBH9,10:06:36,3761.0000,10
VBH9,10:06:36,3610.5600,13
VBH9,10:06:36,3798.6100,13
VBH9,10:06:36,3572.9500,13
VBH9,10:06:36,3950.1000,2
VBH9,10:06:36,3950.1000,6
VBH9,10:06:36,3724.3800,40
VBH9,10:06:36,3725.3700,1
VBH9,10:06:36,3800.6300,2
VBH9,10:06:36,3951.1500,18
VBH9,10:06:36,3800.6300,6
VBH9,10:06:36,3800.6300,15
VBH9,10:06:36,3613.4400,10
VBH9,10:06:36,3953.2500,10
VBH9,10:06:36,3727.3500,5
VBH9,10:06:36,3615.3600,1
VBH9,10:06:36,3916.6400,10
VBH9,10:06:36,3954.3000,10
VBH9,10:06:36,3955.3500,10
VBH9,10:06:36,3955.3500,1
VBH9,10:06:36,3730.3200,1
VBH9,10:06:36,3617.2800,1
VBH9,10:06:36,3654.9600,2
VBH9,10:06:36,3764.0000,5
VBH9,10:06:36,3763.0000,30
VBH9,10:06:37,3876.9200,1
VBH9,10:06:37,3687.7400,6
VBH9,10:06:37,3913.5200,10
VBH9,10:06:37,3612.4800,6
VBH9,10:06:40,3649.1400,1
VBH9,10:06:41,3612.4800,2
VBH9,10:06:41,3838.2600,4
VBH9,10:06:41,3800.6300,36
VBH9,10:06:41,3726.3600,1
VBH9,10:06:41,3801.6400,10
VBH9,10:06:41,3952.2000,13
VBH9,10:06:41,3688.7200,13
VBH9,10:06:41,3614.4000,6
VBH9,10:06:41,3878.9800,10
VBH9,10:06:42,3648.1700,10
VBH9,10:06:42,3572.9500,6
VBH9,10:06:42,3797.6000,1
VBH9,10:06:42,3722.4000,6
VBH9,10:06:42,3647.2000,15
VBH9,10:06:42,3646.2300,6
VBH9,10:06:42,3909.3600,10
VBH9,10:06:42,3683.8200,1
VBH9,10:06:42,3870.7400,1
VBH9,10:06:42,3720.4200,6
VBH9,10:06:42,3870.7400,40
VBH9,10:06:42,3719.4300,10
VBH9,10:06:42,3832.1400,6
VBH9,10:06:42,3606.7200,1
VBH9,10:06:42,3606.7200,10
VBH9,10:06:42,3756.0000,10
VBH9,10:06:42,3905.2000,1
VBH9,10:06:42,3677.9400,2
VBH9,10:06:42,3753.0000,3
VBH9,10:06:42,3828.0600,1
VBH9,10:06:42,3790.5300,5
VBH9,10:06:42,3639.4400,1
VBH9,10:06:42,3609.6000,3
VBH9,10:06:42,3760.0000,1
VBH9,10:06:42,3609.6000,1
VBH9,10:06:42,3948.0000,1
VBH9,10:06:42,3607.6800,5
VBH9,10:06:42,3795.5800,6
VBH9,10:06:42,3944.8500,6
VBH9,10:06:42,3793.5600,6
VBH9,10:06:42,3643.3200,6
VBH9,10:06:42,3568.2000,6
VBH9,10:06:42,3755.0000,2
VBH9,10:06:42,3603.8400,10
VBH9,10:06:42,3567.2500,5
VBH9,10:06:42,3642.3500,5
VBH9,10:06:42,3903.1200,40
VBH9,10:06:42,3938.5500,10
VBH9,10:06:42,3563.4500,1
VBH9,10:06:42,3675.9800,6
VBH9,10:06:42,3787.5000,47
VBH9,10:06:42,3825.0000,6
VBH9,10:06:42,3902.0800,1
VBH9,10:06:42,3675.9800,10
VBH9,10:06:42,3864.5600,6
VBH9,10:06:45,3903.1200,6
VBH9,10:06:45,3677.9400,13
VBH9,10:06:45,3715.4700,13
VBH9,10:06:46,3792.5500,10
VBH9,10:06:46,3792.5500,6
VBH9,10:06:46,3830.1000,20
VBH9,10:06:46,3755.0000,20
VBH9,10:06:46,3718.4400,2
VBH9,10:06:46,3906.2400,6
VBH9,10:06:46,3605.7600,8
VBH9,10:06:46,3717.4500,6
VBH9,10:06:46,3792.5500,3
VBH9,10:06:46,3717.4500,9
VBH9,10:06:48,3942.7500,10
VBH9,10:06:48,3604.8000,13
VBH9,10:06:48,3717.4500,5
VBH9,10:06:52,3906.2400,6
VBH9,10:06:52,3718.4400,8
VBH9,10:06:52,3831.1200,69
VBH9,10:06:52,3832.1400,6
VBH9,10:06:52,3719.4300,16
VBH9,10:06:52,3719.4300,24
VBH9,10:06:55,3795.5800,3
VBH9,10:06:55,3833.1600,3
VBH9,10:06:55,3682.8400,40
VBH9,10:06:55,3909.3600,1
VBH9,10:06:55,3571.0500,6
VBH9,10:06:55,3909.3600,10
VBH9,10:06:55,3683.8200,6
VBH9,10:06:55,3646.2300,1
VBH9,10:06:55,3948.0000,1
VBH9,10:06:55,3872.8000,1
VBH9,10:06:55,3609.6000,15
VBH9,10:06:55,3572.9500,10
VBH9,10:06:55,3724.3800,1
VBH9,10:06:55,3762.0000,10
VBH9,10:06:55,3724.3800,10
VBH9,10:06:55,3874.8600,3
VBH9,10:06:55,3946.9500,3
VBH9,10:06:55,3648.1700,3
VBH9,10:06:55,3950.1000,1
VBH9,10:06:58,3836.2200,1
VBH9,10:06:58,3798.6100,15
VBH9,10:07:00,3608.6400,1
VBH9,10:07:03,3720.4200,6
VBH9,10:07:03,3570.1000,3
VBH9,10:07:06,3831.1200,75
VBH9,10:07:06,3605.7600,22
VBH9,10:07:06,3643.3200,1
VBH9,10:07:06,3718.4400,5
VBH9,10:07:07,3756.0000,14
VBH9,10:07:09,3567.2500,2
VBH9,10:07:12,3942.7500,8
VBH9,10:07:12,3642.3500,6
VBH9,10:07:12,3942.7500,8
VBH9,10:07:13,3642.3500,2
VBH9,10:07:16,3756.0000,1
VBH9,10:07:16,3681.8600,1
VBH9,10:07:16,3794.5700,7
VBH9,10:07:16,3606.7200,6
VBH9,10:07:16,3944.8500,35
VBH9,10:07:28,3908.3200,1
VBH9,10:07:28,3945.9000,1
VBH9,10:07:29,3644.2900,10
VBH9,10:07:29,3868.6800,5
VBH9,10:07:29,3868.6800,1
VBH9,10:07:29,3643.3200,1
VBH9,10:07:29,3906.2400,2
VBH9,10:07:29,3906.2400,4
VBH9,10:07:29,3830.1000,2
VBH9,10:07:29,3867.6500,6
VBH9,10:07:29,3642.3500,4
VBH9,10:07:29,3792.5500,2
VBH9,10:07:29,3679.9000,2
VBH9,10:07:30,3944.8500,6
VBH9,10:07:30,3719.4300,10
VBH9,10:07:30,3832.1400,1
VBH9,10:07:30,3645.2600,100
VBH9,10:07:30,3720.4200,3
VBH9,10:07:30,3570.1000,40
VBH9,10:07:30,3720.4200,6
VBH9,10:07:30,3645.2600,6
VBH9,10:07:30,3833.1600,4
VBH9,10:07:30,3720.4200,24
VBH9,10:07:32,3868.6800,3
VBH9,10:07:33,3831.1200,1
VBH9,10:07:46,3941.7000,1
VBH9,10:07:46,3904.1600,6
VBH9,10:07:46,3677.9400,1
VBH9,10:07:46,3753.0000,6
VBH9,10:07:46,3903.1200,15
VBH9,10:07:46,3904.1600,10
VBH9,10:07:54,3866.6200,2
VBH9,10:08:01,3942.7500,1
VBH9,10:08:01,3604.8000,1
VBH9,10:08:01,3679.9000,1
VBH9,10:08:01,3680.8800,10
VBH9,10:08:03,3716.4600,1
VBH9,10:08:03,3904.1600,9
VBH9,10:08:13,3602.8800,10
VBH9,10:08:13,3865.5900,3
VBH9,10:08:13,3677.9400,3
VBH9,10:08:13,3828.0600,1
VBH9,10:08:13,3564.4000,6
VBH9,10:08:13,3639.4400,1
VBH9,10:08:13,3789.5200,3
VBH9,10:08:13,3901.0400,10
VBH9,10:08:13,3901.0400,6
VBH9,10:08:13,3826.0200,3
VBH9,10:08:13,3863.5300,6
VBH9,10:08:13,3714.4800,5
VBH9,10:08:14,3938.5500,3
VBH9,10:08:14,3788.5100,10
VBH9,10:08:17,3564.4000,3
VBH9,10:08:17,3864.5600,17
VBH9,10:08:21,3713.4900,10
VBH9,10:08:28,3939.6000,1
VBH9,10:08:30,3638.4700,11
VBH9,10:08:30,3826.0200,20
VBH9,10:08:30,3563.4500,49
VBH9,10:08:32,3939.6000,40
VBH9,10:08:32,3639.4400,3
VBH9,10:08:40,3790.5300,10
VBH9,10:08:40,3903.1200,3
VBH9,10:08:40,3715.4700,40
VBH9,10:08:40,3942.7500,8
VBH9,10:08:40,3755.0000,1
VBH9,10:08:40,3792.5500,1
VBH9,10:08:40,3905.2000,10
VBH9,10:08:40,3717.4500,2
VBH9,10:08:40,3904.1600,1
VBH9,10:08:43,3865.5900,5
VBH9,10:08:43,3865.5900,2
VBH9,10:08:45,3829.0800,1
VBH9,10:08:46,3790.5300,40
VBH9,10:08:50,3566.3000,40
VBH9,10:09:03,3866.6200,3
VBH9,10:09:03,3641.3800,7
VBH9,10:09:03,3790.5300,6
VBH9,10:09:03,3903.1200,4
VBH9,10:09:03,3903.1200,15
VBH9,10:09:03,3602.8800,6
VBH9,10:09:03,3752.0000,6
VBH9,10:09:17,3564.4000,2
VBH9,10:09:17,3600.9600,1
VBH9,10:09:17,3563.4500,10
VBH9,10:09:29,3600.9600,80
VBH9,10:09:29,3788.5100,3
VBH9,10:09:29,3788.5100,1
VBH9,10:09:29,3825.0000,5
VBH9,10:09:29,3600.0000,5
VBH9,10:09:29,3637.5000,1
VBH9,10:09:29,3825.0000,6
VBH9,10:09:29,3898.9600,3
VBH9,10:09:30,3636.5300,7
VBH9,10:09:30,3561.5500,1
VBH9,10:09:30,3711.5100,4
VBH9,10:09:32,3562.5000,1
VBH9,10:09:32,3900.0000,2
VBH9,10:09:32,3712.5000,2
VBH9,10:09:32,3900.0000,3
VBH9,10:09:38,3561.5500,10
VBH9,10:09:38,3936.4500,5
VBH9,10:09:38,3749.0000,16
VBH9,10:09:42,3861.4700,1
VBH9,10:09:42,3785.4800,1
VBH9,10:09:42,3560.6000,2
VBH9,10:09:42,3896.8800,12
VBH9,10:09:56,3672.0600,2
VBH9,10:09:56,3784.4700,3
VBH9,10:09:57,3560.6000,10
VBH9,10:09:57,3935.4000,1
VBH9,10:09:57,3673.0400,40
VBH9,10:09:57,3673.0400,6
VBH9,10:09:57,3710.5200,4
VBH9,10:09:57,3935.4000,3
VBH9,10:09:57,3935.4000,5
VBH9,10:10:03,3935.4000,10
VBH9,10:10:03,3673.0400,12
VBH9,10:10:03,3935.4000,9
VBH9,10:10:14,3635.5600,1
VBH9,10:10:14,3560.6000,2
VBH9,10:10:14,3635.5600,13
VBH9,10:10:14,3673.0400,13
VBH9,10:10:20,3635.5600,10
VBH9,10:10:20,3822.9600,1
VBH9,10:10:20,3673.0400,8
VBH9,10:10:23,3897.9200,2
VBH9,10:10:32,3821.9400,1
VBH9,10:10:33,3934.3500,14
VBH9,10:10:33,3859.4100,1
VBH9,10:10:33,3821.9400,1
VBH9,10:10:48,3895.8400,1
VBH9,10:10:48,3783.4600,3
VBH9,10:10:48,3783.4600,26
VBH9,10:10:48,3633.6200,1
VBH9,10:10:48,3708.5400,1
VBH9,10:10:48,3819.9000,1
VBH9,10:10:48,3857.3500,5
VBH9,10:10:48,3557.7500,5
VBH9,10:10:48,3932.2500,5
VBH9,10:10:48,3744.0000,5
VBH9,10:10:49,3933.3000,3
VBH9,10:10:49,3671.0800,7
VBH9,10:10:49,3933.3000,3
VBH9,10:10:49,3596.1600,2
VBH9,10:10:50,3557.7500,1
VBH9,10:10:50,3931.2000,2
VBH9,10:10:50,3631.6800,3
VBH9,10:10:50,3556.8000,1
VBH9,10:10:50,3706.5600,6
VBH9,10:10:50,3671.0800,1
VBH9,10:10:50,3746.0000,1
VBH9,10:10:57,3594.2400,1
VBH9,10:10:57,3668.1400,1
VBH9,10:10:57,3817.8600,3
VBH9,10:10:57,3593.2800,15
VBH9,10:10:58,3557.7500,3
VBH9,10:11:03,3631.6800,1
VBH9,10:11:03,3556.8000,9
VBH9,10:11:04,3893.7600,2
VBH9,10:11:19,3595.2000,10
VBH9,10:11:24,3858.3800,38
VBH9,10:11:24,3783.4600,2
VBH9,10:11:24,3708.5400,3
VBH9,10:11:24,3784.4700,1
VBH9,10:11:25,3670.1000,3
VBH9,10:11:35,3821.9400,10
VBH9,10:11:35,3746.0000,5
VBH9,10:11:43,3671.0800,100
VBH9,10:11:47,3597.1200,1
VBH9,10:11:49,3858.3800,1
VBH9,10:11:53,3785.4800,1
VBH9,10:11:53,3635.5600,10
VBH9,10:11:53,3935.4000,19
VBH9,10:12:03,3783.4600,9
VBH9,10:12:07,3859.4100,1
VBH9,10:12:18,3896.8800,1
VBH9,10:12:18,3710.5200,1
VBH9,10:12:20,3897.9200,5
VBH9,10:12:20,3897.9200,4
VBH9,10:12:20,3860.4400,4
VBH9,10:12:20,3935.4000,4
VBH9,10:12:20,3598.0800,3
VBH9,10:12:20,3598.0800,1
VBH9,10:12:20,3598.0800,8
VBH9,10:12:20,3822.9600,13
VBH9,10:12:20,3560.6000,4
VBH9,10:12:20,3860.4400,15
VBH9,10:12:21,3936.4500,1
VBH9,10:12:24,3861.4700,1
VBH9,10:12:28,3823.9800,2
VBH9,10:12:31,3636.5300,7
VBH9,10:12:31,3636.5300,42
VBH9,10:12:33,3936.4500,4
VBH9,10:12:38,3823.9800,1
VBH9,10:12:41,3786.4900,1
VBH9,10:13:03,3709.5300,10
VBH9,10:13:15,3785.4800,1
VBH9,10:13:15,3674.0200,2
VBH9,10:13:16,3597.1200,10
VBH9,10:13:16,3934.3500,10
VBH9,10:13:16,3672.0600,9
VBH9,10:13:16,3597.1200,11
VBH9,10:13:16,3934.3500,21
VBH9,10:13:16,3858.3800,1
VBH9,10:13:16,3557.7500,1
VBH9,10:13:16,3707.5500,1
VBH9,10:13:16,3932.2500,1
VBH9,10:13:16,3632.6500,10
VBH9,10:13:16,3856.3200,3
VBH9,10:13:16,3856.3200,1
VBH9,10:13:16,3669.1200,2
VBH9,10:13:33,3632.6500,1
VBH9,10:13:33,3818.8800,1
VBH9,10:13:33,3781.4400,2
VBH9,10:13:42,3633.6200,2
VBH9,10:13:42,3783.4600,1
VBH9,10:13:45,3709.5300,1
VBH9,10:13:58,3857.3500,10
VBH9,10:13:58,3557.7500,1
VBH9,10:13:58,3857.3500,1
VBH9,10:13:58,3632.6500,1
VBH9,10:13:58,3932.2500,1
VBH9,10:13:58,3745.0000,1
VBH9,10:13:58,3632.6500,1
VBH9,10:13:58,3857.3500,1
VBH9,10:13:58,3819.9000,1
VBH9,10:13:58,3819.9000,1
VBH9,10:13:58,3782.4500,14
VBH9,10:13:58,3632.6500,67
VBH9,10:14:03,3594.2400,3
VBH9,10:14:03,3556.8000,7
VBH9,10:14:07,3895.8400,10
VBH9,10:14:07,3671.0800,1
VBH9,10:14:37,3632.6500,20
VBH9,10:14:39,3857.3500,33
VBH9,10:14:51,3557.7500,3
VBH9,10:14:59,3745.0000,10
VBH9,10:14:59,3932.2500,7
VBH9,10:14:59,3818.8800,33
VBH9,10:14:59,3893.7600,1
VBH9,10:14:59,3556.8000,6
VBH9,10:14:59,3668.1400,6
VBH9,10:14:59,3892.7200,1
VBH9,10:14:59,3705.5700,25
VBH9,10:15:03,3931.2000,10
VBH9,10:15:06,3781.4400,1
VBH9,10:15:06,3817.8600,1
VBH9,10:15:47,3858.3800,1
VBH9,10:15:47,3858.3800,1
VBH9,10:15:47,3858.3800,1
VBH9,10:16:00,3671.0800,1
VBH9,10:16:03,3895.8400,9
VBH9,10:16:03,3746.0000,1
VBH9,10:16:09,3748.0000,1
VBH9,10:16:12,3598.0800,7
VBH9,10:16:14,3710.5200,2
VBH9,10:16:14,3560.6000,10
VBH9,10:16:14,3822.9600,3
VBH9,10:16:14,3560.6000,1
VBH9,10:16:20,3674.0200,25
VBH9,10:16:26,3673.0400,2
VBH9,10:16:32,3599.0400,1
VBH9,10:16:37,3861.4700,9
VBH9,10:17:03,3860.4400,1
VBH9,10:17:03,3598.0800,8
VBH9,10:17:04,3561.5500,1
VBH9,10:17:04,3675.0000,6
VBH9,10:17:04,3900.0000,4
VBH9,10:17:04,3562.5000,1
VBH9,10:17:04,3938.5500,10
VBH9,10:17:04,3788.5100,1
VBH9,10:17:04,3901.0400,6
VBH9,10:17:04,3938.5500,1
VBH9,10:17:04,3751.0000,3
VBH9,10:17:04,3675.9800,6
VBH9,10:17:04,3788.5100,5
VBH9,10:17:04,3600.9600,8
VBH9,10:17:04,3675.0000,6
VBH9,10:17:04,3600.0000,1
VBH9,10:17:04,3862.5000,7
VBH9,10:17:04,3750.0000,2
VBH9,10:17:04,3787.5000,4
VBH9,10:17:04,3750.0000,2
VBH9,10:17:04,3788.5100,1
VBH9,10:17:12,3676.9600,15
VBH9,10:17:12,3902.0800,6
VBH9,10:17:12,3902.0800,1
VBH9,10:17:12,3753.0000,10
VBH9,10:17:12,3790.5300,5
VBH9,10:17:12,3790.5300,6
VBH9,10:17:12,3904.1600,1
VBH9,10:17:12,3791.5400,67
VBH9,10:17:29,3753.0000,3
VBH9,10:17:45,3790.5300,1
VBH9,10:17:49,3677.9400,2
VBH9,10:17:49,3828.0600,2
VBH9,10:18:02,3939.6000,1
VBH9,10:18:02,3565.3500,8
VBH9,10:18:02,3790.5300,1
VBH9,10:18:03,3938.5500,1
VBH9,10:18:03,3938.5500,6
VBH9,10:18:03,3563.4500,4
VBH9,10:18:03,3938.5500,1
VBH9,10:18:23,3901.0400,1
VBH9,10:18:23,3788.5100,1
VBH9,10:18:48,3787.5000,1
VBH9,10:18:48,3750.0000,5
VBH9,10:19:03,3560.6000,8
VBH9,10:19:03,3935.4000,2
VBH9,10:19:09,3635.5600,1
VBH9,10:19:09,3823.9800,6
VBH9,10:19:09,3561.5500,1
VBH9,10:19:09,3562.5000,10
VBH9,10:19:09,3937.5000,15
VBH9,10:19:09,3900.0000,28
VBH9,10:19:20,3712.5000,1
VBH9,10:19:31,3862.5000,1
VBH9,10:19:32,3599.0400,10
VBH9,10:19:37,3712.5000,1
VBH9,10:19:41,3600.0000,1
VBH9,10:19:48,3937.5000,2
VBH9,10:19:52,3749.0000,1
VBH9,10:19:52,3635.5600,1
VBH9,10:20:03,3748.0000,1
VBH9,10:20:03,3634.5900,9
VBH9,10:20:29,3673.0400,2
VBH9,10:21:00,3634.5900,2
VBH9,10:21:03,3896.8800,10
VBH9,10:21:03,3897.9200,1
VBH9,10:21:03,3786.4900,1
VBH9,10:21:03,3898.9600,6
VBH9,10:21:03,3599.0400,2
VBH9,10:21:05,3822.9600,1
VBH9,10:21:17,3934.3500,5
VBH9,10:21:27,3858.3800,1
VBH9,10:21:27,3820.9200,1
VBH9,10:21:40,3632.6500,1
VBH9,10:21:40,3857.3500,1
VBH9,10:21:40,3595.2000,3
VBH9,10:21:41,3857.3500,2
VBH9,10:21:52,3670.1000,1
VBH9,10:21:52,3932.2500,4
VBH9,10:21:52,3782.4500,5
VBH9,10:21:52,3595.2000,7
VBH9,10:21:58,3557.7500,1
VBH9,10:21:58,3595.2000,11
VBH9,10:21:58,3856.3200,1
VBH9,10:21:58,3743.0000,6
VBH9,10:21:58,3930.1500,3
VBH9,10:21:59,3558.7000,10
VBH9,10:21:59,3633.6200,5
VBH9,10:22:03,3857.3500,9
VBH9,10:22:14,3707.5500,1
VBH9,10:22:47,3705.5700,5
VBH9,10:22:47,3743.0000,1
VBH9,10:22:49,3817.8600,1
VBH9,10:22:55,3893.7600,10
VBH9,10:22:55,3631.6800,1
VBH9,10:22:55,3857.3500,1
VBH9,10:22:55,3857.3500,4
VBH9,10:22:55,3857.3500,2
VBH9,10:23:03,3670.1000,10
VBH9,10:23:14,3820.9200,10
VBH9,10:23:14,3633.6200,6
VBH9,10:23:14,3596.1600,6
VBH9,10:23:15,3857.3500,3
VBH9,10:23:16,3858.3800,7
VBH9,10:23:20,3784.4700,6
VBH9,10:23:20,3597.1200,5
VBH9,10:23:20,3672.0600,1
VBH9,10:23:22,3707.5500,6
VBH9,10:23:22,3819.9000,4
VBH9,10:23:22,3819.9000,6
VBH9,10:23:22,3632.6500,40
VBH9,10:23:22,3594.2400,6
VBH9,10:23:22,3931.2000,6
VBH9,10:23:22,3856.3200,1
VBH9,10:23:22,3744.0000,9
VBH9,10:23:22,3669.1200,3
VBH9,10:23:22,3930.1500,10
VBH9,10:23:22,3593.2800,6
VBH9,10:23:22,3630.7100,1
VBH9,10:23:22,3705.5700,15
VBH9,10:23:22,3780.4300,10
VBH9,10:23:22,3817.8600,15
VBH9,10:23:22,3668.1400,20
VBH9,10:23:22,3742.0000,5
VBH9,10:23:22,3779.4200,1
VBH9,10:23:22,3891.6800,5
VBH9,10:23:22,3819.9000,1
VBH9,10:23:22,3670.1000,1
VBH9,10:23:23,3857.3500,1
VBH9,10:23:23,3745.0000,2
VBH9,10:23:27,3932.2500,3
VBH9,10:23:27,3632.6500,3
VBH9,10:23:27,3594.2400,6
VBH9,10:23:27,3556.8000,6
VBH9,10:23:27,3669.1200,54
VBH9,10:23:27,3593.2800,20
VBH9,10:23:27,3668.1400,1
VBH9,10:23:27,3780.4300,7
VBH9,10:23:27,3668.1400,3
VBH9,10:23:27,3667.1600,97
VBH9,10:23:29,3595.2000,1
VBH9,10:23:29,3857.3500,13
VBH9,10:23:29,3857.3500,1
VBH9,10:23:32,3706.5600,15
VBH9,10:23:32,3893.7600,15
VBH9,10:23:32,3744.0000,22
VBH9,10:23:32,3893.7600,18
VBH9,10:23:32,3855.2900,20
VBH9,10:23:32,3705.5700,52
VBH9,10:23:32,3816.8400,10
VBH9,10:23:33,3557.7500,6
VBH9,10:23:33,3595.2000,13
VBH9,10:23:37,3781.4400,9
VBH9,10:23:37,3781.4400,9
VBH9,10:23:37,3931.2000,6
VBH9,10:23:37,3556.8000,40
VBH9,10:23:37,3818.8800,2
VBH9,10:23:37,3593.2800,6
VBH9,10:23:37,3817.8600,3
VBH9,10:23:37,3891.6800,20
VBH9,10:23:37,3929.1000,5
VBH9,10:23:37,3592.3200,45
VBH9,10:23:37,3742.0000,1
VBH9,10:23:37,3667.1600,54
VBH9,10:23:37,3594.2400,5
VBH9,10:23:38,3895.8400,6
VBH9,10:23:40,3671.0800,4
VBH9,10:23:40,3708.5400,1
VBH9,10:23:40,3783.4600,5
VBH9,10:23:40,3746.0000,1
VBH9,10:23:40,3933.3000,8
VBH9,10:23:40,3858.3800,5
VBH9,10:23:42,3858.3800,1
VBH9,10:23:42,3708.5400,2
VBH9,10:23:42,3932.2500,10
VBH9,10:23:42,3707.5500,1
VBH9,10:23:42,3670.1000,1
VBH9,10:23:42,3782.4500,40
VBH9,10:23:42,3781.4400,3
VBH9,10:23:42,3556.8000,5
VBH9,10:23:42,3856.3200,11
VBH9,10:23:42,3931.2000,9
VBH9,10:23:42,3743.0000,1
VBH9,10:23:42,3705.5700,15
VBH9,10:23:42,3592.3200,20
VBH9,10:23:42,3891.6800,50
VBH9,10:23:42,3779.4200,5
VBH9,10:23:47,3856.3200,15
VBH9,10:23:47,3856.3200,15
VBH9,10:23:47,3594.2400,40
VBH9,10:23:47,3555.8500,20
VBH9,10:23:47,3779.4200,6
VBH9,10:23:47,3704.5800,4
VBH9,10:23:47,3554.9000,16
VBH9,10:23:47,3704.5800,50
VBH9,10:23:47,3742.0000,34
VBH9,10:23:47,3744.0000,4
VBH9,10:23:47,3818.8800,4
VBH9,10:23:47,3818.8800,9
VBH9,10:23:47,3893.7600,13
VBH9,10:23:47,3893.7600,10
VBH9,10:23:47,3668.1400,4
VBH9,10:23:47,3743.0000,4
VBH9,10:23:47,3593.2800,4
VBH9,10:23:47,3780.4300,8
VBH9,10:23:47,3892.7200,8
VBH9,10:23:50,3779.4200,2
VBH9,10:23:50,3929.1000,2
VBH9,10:23:51,3816.8400,6
VBH9,10:23:51,3854.2600,1
VBH9,10:23:52,3816.8400,6
VBH9,10:23:52,3778.4100,10
VBH9,10:23:52,3553.9500,40
VBH9,10:23:52,3702.6000,1
VBH9,10:23:52,3740.0000,7
VBH9,10:23:52,3852.2000,3
VBH9,10:23:52,3814.8000,1
VBH9,10:23:52,3814.8000,50
VBH9,10:23:52,3927.0000,6
VBH9,10:23:52,3777.4000,20
VBH9,10:23:52,3739.0000,20
VBH9,10:23:52,3739.0000,1
VBH9,10:23:52,3553.0000,1
VBH9,10:23:52,3701.6100,1
VBH9,10:23:52,3664.2200,1
VBH9,10:23:53,3739.0000,5
VBH9,10:23:53,3590.4000,1
VBH9,10:23:57,3776.3900,9
VBH9,10:23:57,3925.9500,4
VBH9,10:23:57,3739.0000,30
VBH9,10:23:57,3776.3900,5
VBH9,10:23:57,3925.9500,2
VBH9,10:23:57,3589.4400,40
VBH9,10:23:57,3551.1000,10
VBH9,10:23:57,3924.9000,10
VBH9,10:23:57,3812.7600,1
VBH9,10:23:57,3663.2400,3
VBH9,10:23:57,3812.7600,2
VBH9,10:23:57,3588.4800,1
VBH9,10:23:57,3551.1000,16
VBH9,10:23:57,3849.1100,1
VBH9,10:23:57,3811.7400,1
VBH9,10:23:57,3587.5200,10
VBH9,10:23:57,3811.7400,38
VBH9,10:23:57,3664.2200,9
VBH9,10:23:57,3552.0500,6
VBH9,10:23:57,3589.4400,7
VBH9,10:23:57,3776.3900,1
VBH9,10:23:57,3552.0500,7
VBH9,10:23:57,3551.1000,10
VBH9,10:23:57,3887.5200,1
VBH9,10:23:58,3663.2400,2
VBH9,10:23:58,3698.6400,1
VBH9,10:23:58,3586.5600,2
VBH9,10:23:58,3586.5600,1
VBH9,10:23:59,3736.0000,10
VBH9,10:23:59,3661.2800,6
VBH9,10:23:59,3921.7500,4
VBH9,10:23:59,3548.2500,1
VBH9,10:23:59,3622.9500,2
VBH9,10:23:59,3622.9500,1
VBH9,10:24:00,3585.6000,3
VBH9,10:24:00,3921.7500,1
VBH9,10:24:02,3661.2800,15
VBH9,10:24:02,3548.2500,16
VBH9,10:24:02,3847.0500,20
VBH9,10:24:02,3847.0500,49
VBH9,10:24:02,3622.9500,51
VBH9,10:24:02,3622.9500,27
VBH9,10:24:02,3585.6000,8
VBH9,10:24:02,3809.7000,5
VBH9,10:24:03,3696.6600,2
VBH9,10:24:03,3621.0100,3
VBH9,10:24:03,3658.3400,3
VBH9,10:24:03,3658.3400,1
VBH9,10:24:03,3546.3500,1
VBH9,10:24:03,3884.4000,1
VBH9,10:24:04,3585.6000,5
VBH9,10:24:04,3548.2500,3
VBH9,10:24:04,3697.6500,4
VBH9,10:24:07,3548.2500,6
VBH9,10:24:07,3547.3000,11
VBH9,10:24:07,3846.0200,2
VBH9,10:24:07,3733.0000,9
VBH9,10:24:07,3807.6600,1
VBH9,10:24:07,3621.0100,23
VBH9,10:24:07,3658.3400,17
VBH9,10:24:07,3621.0100,17
VBH9,10:24:07,3621.0100,7
VBH9,10:24:07,3583.6800,6
VBH9,10:24:07,3582.7200,12
VBH9,10:24:07,3806.6400,1
VBH9,10:24:07,3582.7200,40
VBH9,10:24:08,3622.9500,3
VBH9,10:24:08,3847.0500,6
VBH9,10:24:08,3847.0500,3
VBH9,10:24:10,3771.3400,15
VBH9,10:24:10,3584.6400,5
VBH9,10:24:10,3771.3400,1
VBH9,10:24:10,3621.0100,10
VBH9,10:24:10,3844.9900,1
VBH9,10:24:10,3807.6600,40
VBH9,10:24:10,3621.0100,3
VBH9,10:24:10,3844.9900,6
VBH9,10:24:10,3919.6500,16
VBH9,10:24:10,3545.4000,16
VBH9,10:24:10,3881.2800,5
VBH9,10:24:10,3656.3800,3
VBH9,10:24:10,3582.7200,6
VBH9,10:24:10,3732.0000,3
VBH9,10:24:10,3769.3200,3
VBH9,10:24:10,3806.6400,3
VBH9,10:24:10,3769.3200,3
VBH9,10:24:11,3768.3100,3
VBH9,10:24:11,3695.6700,2
VBH9,10:24:11,3807.6600,4
VBH9,10:24:12,3880.2400,7
VBH9,10:24:12,3916.5000,1
VBH9,10:24:12,3804.6000,1
VBH9,10:24:12,3767.3000,1
VBH9,10:24:12,3804.6000,50
VBH9,10:24:12,3692.7000,5
VBH9,10:24:12,3580.8000,3
VBH9,10:24:12,3618.1000,6
VBH9,10:24:12,3579.8400,1
VBH9,10:24:12,3803.5800,6
VBH9,10:24:12,3803.5800,12
VBH9,10:24:12,3653.4400,7
VBH9,10:24:12,3690.7200,3
VBH9,10:24:12,3839.8400,97
VBH9,10:24:13,3617.1300,1
VBH9,10:24:17,3803.5800,9
VBH9,10:24:17,3729.0000,10
VBH9,10:24:17,3542.5500,40
VBH9,10:24:17,3579.8400,1
VBH9,10:24:17,3729.0000,5
VBH9,10:24:17,3914.4000,16
VBH9,10:24:17,3914.4000,6
VBH9,10:24:17,3801.5400,1
VBH9,10:24:17,3801.5400,1
VBH9,10:24:17,3801.5400,6
VBH9,10:24:17,3577.9200,5
VBH9,10:24:17,3801.5400,6
VBH9,10:24:17,3803.5800,1
VBH9,10:24:17,3914.4000,10
VBH9,10:24:17,3728.0000,15
VBH9,10:24:17,3652.4600,20
VBH9,10:24:17,3576.9600,10
VBH9,10:24:17,3614.2200,6
VBH9,10:24:17,3837.7800,28
VBH9,10:24:18,3912.3000,20
VBH9,10:24:18,3576.0000,1
VBH9,10:24:18,3762.2500,5
VBH9,10:24:18,3613.2500,1
VBH9,10:24:18,3799.5000,1
VBH9,10:24:18,3576.0000,2
VBH9,10:24:18,3876.0800,1
VBH9,10:24:18,3578.8800,1
VBH9,10:24:18,3578.8800,7
VBH9,10:24:18,3690.7200,1
VBH9,10:24:18,3541.6000,2
VBH9,10:24:18,3616.1600,3
VBH9,10:24:18,3541.6000,3
VBH9,10:24:18,3913.3500,1
VBH9,10:24:18,3838.8100,1
VBH9,10:24:19,3764.2700,2
VBH9,10:24:20,3766.2900,1
VBH9,10:24:20,3729.0000,1
VBH9,10:24:21,3616.1600,1
VBH9,10:24:21,3878.1600,4
VBH9,10:24:21,3767.3000,3
VBH9,10:24:21,3542.5500,6
VBH9,10:24:21,3730.0000,7
VBH9,10:24:21,3580.8000,1
VBH9,10:24:21,3767.3000,5
VBH9,10:24:21,3730.0000,1
VBH9,10:24:21,3618.1000,5
VBH9,10:24:21,3767.3000,1
VBH9,10:24:21,3804.6000,7
VBH9,10:24:21,3767.3000,1
VBH9,10:24:21,3916.5000,5
VBH9,10:24:21,3804.6000,1
VBH9,10:24:21,3879.2000,3
VBH9,10:24:21,3916.5000,2
VBH9,10:24:21,3879.2000,2
VBH9,10:24:21,3879.2000,1
VBH9,10:24:21,3543.5000,1
VBH9,10:24:21,3768.3100,1
VBH9,10:24:21,3543.5000,10
VBH9,10:24:21,3656.3800,5
VBH9,10:24:21,3842.9300,3
VBH9,10:24:21,3768.3100,3
VBH9,10:24:21,3880.2400,3
VBH9,10:24:21,3917.5500,1
VBH9,10:24:21,3581.7600,5
VBH9,10:24:21,3917.5500,3
VBH9,10:24:21,3544.4500,6
VBH9,10:24:21,3769.3200,1
VBH9,10:24:21,3657.3600,7
VBH9,10:24:21,3806.6400,1
VBH9,10:24:21,3843.9600,1
VBH9,10:24:21,3732.0000,2
VBH9,10:24:21,3843.9600,2
VBH9,10:24:21,3545.4000,2
VBH9,10:24:21,3545.4000,8
VBH9,10:24:21,3807.6600,1
VBH9,10:24:21,3770.3300,3
VBH9,10:24:22,3917.5500,1
VBH9,10:24:28,3582.7200,1
VBH9,10:24:28,3732.0000,3
VBH9,10:24:28,3544.4500,6
VBH9,10:24:28,3917.5500,23
VBH9,10:24:30,3658.3400,5
VBH9,10:24:30,3695.6700,4
VBH9,10:24:32,3584.6400,10
VBH9,10:24:32,3584.6400,6
VBH9,10:24:32,3847.0500,40
VBH9,10:24:32,3622.9500,3
VBH9,10:24:32,3809.7000,1
VBH9,10:24:39,3625.8600,1
VBH9,10:24:42,3887.5200,1
VBH9,10:24:43,3738.0000,8
VBH9,10:24:43,3850.1400,6
VBH9,10:24:43,3552.0500,5
VBH9,10:24:50,3885.4400,1
VBH9,10:24:50,3549.2000,3
VBH9,10:24:50,3698.6400,11
VBH9,10:24:50,3773.3600,11
VBH9,10:24:56,3546.3500,5
VBH9,10:24:56,3807.6600,5
VBH9,10:24:56,3882.3200,6
VBH9,10:24:56,3583.6800,40
VBH9,10:24:56,3770.3300,6
VBH9,10:24:56,3806.6400,1
VBH9,10:24:56,3806.6400,6
VBH9,10:24:56,3657.3600,3
VBH9,10:24:57,3621.0100,3
VBH9,10:24:57,3695.6700,6
VBH9,10:24:59,3844.9900,17
VBH9,10:24:59,3807.6600,16
VBH9,10:24:59,3583.6800,15
VBH9,10:24:59,3733.0000,17
VBH9,10:24:59,3696.6600,1
VBH9,10:24:59,3621.9800,3
VBH9,10:25:03,3919.6500,10
VBH9,10:25:04,3584.6400,1
VBH9,10:25:08,3735.0000,10
VBH9,10:25:09,3586.5600,5
VBH9,10:25:21,3848.0800,10
VBH9,10:25:21,3810.7200,6
VBH9,10:25:37,3775.3800,3
VBH9,10:26:03,3886.4800,10
VBH9,10:26:05,3887.5200,1
VBH9,10:26:10,3851.1700,1
VBH9,10:26:10,3776.3900,10
VBH9,10:26:21,3702.6000,1
VBH9,10:26:21,3927.0000,10
VBH9,10:26:21,3852.2000,8
VBH9,10:26:21,3702.6000,11
VBH9,10:26:21,3627.8000,1
VBH9,10:26:23,3890.6400,5
VBH9,10:26:32,3890.6400,2
VBH9,10:26:50,3589.4400,1
VBH9,10:26:54,3739.0000,5
VBH9,10:27:03,3703.5900,1
VBH9,10:27:06,3853.2300,2
VBH9,10:27:06,3890.6400,30
VBH9,10:27:06,3853.2300,6
VBH9,10:27:06,3553.9500,1
VBH9,10:27:06,3704.5800,1
VBH9,10:27:06,3816.8400,6
VBH9,10:27:06,3555.8500,6
VBH9,10:27:06,3593.2800,15
VBH9,10:27:06,3668.1400,20
VBH9,10:27:06,3743.0000,1
VBH9,10:27:06,3704.5800,1
VBH9,10:27:06,3816.8400,3
VBH9,10:27:18,3929.1000,1
VBH9,10:27:24,3779.4200,1
VBH9,10:27:30,3853.2300,1
VBH9,10:27:35,3553.9500,1
VBH9,10:27:41,3778.4100,1
VBH9,10:28:13,3929.1000,5
VBH9,10:28:25,3554.9000,1
VBH9,10:28:39,3855.2900,1
VBH9,10:28:39,3705.5700,1
VBH9,10:28:50,3592.3200,1
VBH9,10:29:07,3928.0500,10
VBH9,10:29:07,3778.4100,1
VBH9,10:29:07,3778.4100,2
VBH9,10:29:07,3853.2300,9
VBH9,10:29:07,3666.1800,5
VBH9,10:29:07,3853.2300,5
VBH9,10:29:10,3779.4200,3
VBH9,10:29:37,3704.5800,1
VBH9,10:30:10,3855.2900,2
VBH9,10:30:18,3817.8600,1
VBH9,10:30:23,3893.7600,10
VBH9,10:30:25,3632.6500,1
VBH9,10:30:25,3632.6500,5
VBH9,10:30:25,3632.6500,10
VBH9,10:30:25,3782.4500,5
VBH9,10:30:25,3670.1000,1
VBH9,10:30:25,3632.6500,13
VBH9,10:30:25,3747.0000,5
VBH9,10:30:26,3859.4100,5
VBH9,10:30:26,3896.8800,1
VBH9,10:30:26,3634.5900,6
VBH9,10:30:26,3785.4800,1
VBH9,10:30:26,3785.4800,3
VBH9,10:30:26,3897.9200,50
VBH9,10:30:26,3635.5600,1
VBH9,10:30:27,3859.4100,1
VBH9,10:30:27,3933.3000,1
VBH9,10:30:40,3821.9400,1
VBH9,10:30:42,3782.4500,1
VBH9,10:30:42,3782.4500,1
VBH9,10:31:04,3634.5900,5
VBH9,10:31:04,3559.6500,8
VBH9,10:31:21,3597.1200,1
VBH9,10:31:22,3747.0000,1
VBH9,10:31:22,3635.5600,1
VBH9,10:31:22,3635.5600,3
VBH9,10:31:23,3672.0600,1
VBH9,10:31:48,3598.0800,2
VBH9,10:32:04,3709.5300,1
VBH9,10:32:09,3633.6200,1
VBH9,10:32:12,3707.5500,1
VBH9,10:32:13,3708.5400,1
VBH9,10:32:35,3744.0000,1
VBH9,10:32:35,3594.2400,4
VBH9,10:32:59,3932.2500,13
VBH9,10:33:15,3630.7100,3
VBH9,10:33:15,3555.8500,2
VBH9,10:33:15,3817.8600,40
VBH9,10:33:15,3892.7200,20
VBH9,10:33:15,3630.7100,19
VBH9,10:33:15,3780.4300,1
VBH9,10:33:18,3892.7200,20
VBH9,10:33:18,3743.0000,10
VBH9,10:33:18,3855.2900,5
VBH9,10:33:19,3704.5800,1
VBH9,10:33:46,3928.0500,1
VBH9,10:33:51,3555.8500,3
VBH9,10:34:00,3593.2800,1
VBH9,10:34:05,3893.7600,3
VBH9,10:34:11,3780.4300,1
VBH9,10:34:15,3781.4400,1
VBH9,10:34:31,3782.4500,10
VBH9,10:34:44,3557.7500,1
VBH9,10:34:44,3670.1000,1
VBH9,10:35:00,3894.8000,1
VBH9,10:35:06,3558.7000,6
VBH9,10:35:06,3783.4600,4
VBH9,10:35:32,3893.7600,1
VBH9,10:35:45,3744.0000,9
VBH9,10:35:45,3931.2000,1
VBH9,10:36:06,3744.0000,1
VBH9,10:36:22,3856.3200,4
VBH9,10:37:28,3593.2800,1
VBH9,10:37:28,3630.7100,3
VBH9,10:37:40,3779.4200,1
VBH9,10:37:43,3816.8400,9
VBH9,10:37:43,3854.2600,3
VBH9,10:37:43,3554.9000,25
VBH9,10:37:54,3892.7200,1
VBH9,10:37:54,3630.7100,13
VBH9,10:37:56,3704.5800,2
VBH9,10:38:26,3554.9000,2
VBH9,10:38:27,3929.1000,11
VBH9,10:38:27,3592.3200,3
VBH9,10:38:27,3592.3200,6
VBH9,10:38:28,3629.7400,10
VBH9,10:38:28,3742.0000,10
VBH9,10:38:36,3704.5800,1
VBH9,10:38:48,3667.1600,5
VBH9,10:38:53,3705.5700,13
VBH9,10:38:53,3930.1500,3
VBH9,10:38:58,3631.6800,10
VBH9,10:38:58,3669.1200,5
VBH9,10:38:58,3556.8000,5
VBH9,10:38:58,3817.8600,1
VBH9,10:39:01,3892.7200,10
VBH9,10:39:15,3891.6800,1
VBH9,10:39:33,3892.7200,13
VBH9,10:39:38,3816.8400,6
VBH9,10:39:46,3854.2600,4
VBH9,10:39:46,3779.4200,1
VBH9,10:40:36,3553.9500,10
VBH9,10:40:57,3855.2900,13
VBH9,10:41:01,3556.8000,5
VBH9,10:41:01,3818.8800,13
VBH9,10:41:01,3932.2500,5
VBH9,10:41:01,3745.0000,1
VBH9,10:41:04,3744.0000,5
VBH9,10:41:31,3707.5500,2
VBH9,10:41:32,3931.2000,1
VBH9,10:41:32,3593.2800,1
VBH9,10:41:32,3855.2900,40
VBH9,10:41:32,3593.2800,3
VBH9,10:41:38,3744.0000,1
VBH9,10:41:38,3744.0000,1
VBH9,10:41:44,3556.8000,12
VBH9,10:41:56,3707.5500,4
VBH9,10:41:56,3670.1000,1
VBH9,10:42:15,3856.3200,1
VBH9,10:42:23,3931.2000,10
VBH9,10:42:23,3706.5600,12
VBH9,10:42:38,3930.1500,1
VBH9,10:42:38,3780.4300,4
VBH9,10:42:42,3744.0000,1
VBH9,10:42:42,3706.5600,13
VBH9,10:42:45,3631.6800,1
VBH9,10:42:49,3706.5600,13
VBH9,10:42:51,3743.0000,1
VBH9,10:42:51,3817.8600,1
VBH9,10:42:52,3667.1600,2
VBH9,10:42:55,3667.1600,8
VBH9,10:42:55,3816.8400,1
VBH9,10:42:55,3742.0000,6
VBH9,10:42:55,3854.2600,10
VBH9,10:42:55,3779.4200,40
VBH9,10:42:55,3628.7700,1
VBH9,10:42:55,3815.8200,1
VBH9,10:42:55,3741.0000,2
VBH9,10:42:55,3553.9500,4
VBH9,10:42:55,3928.0500,15
VBH9,10:42:57,3815.8200,1
VBH9,10:42:57,3853.2300,13
VBH9,10:42:57,3742.0000,6
VBH9,10:43:47,3702.6000,1
VBH9,10:43:47,3702.6000,1
VBH9,10:43:47,3665.2000,40
VBH9,10:43:50,3813.7800,1
VBH9,10:43:50,3701.6100,1
VBH9,10:43:50,3701.6100,4
VBH9,10:43:50,3925.9500,5
VBH9,10:43:56,3591.3600,3
VBH9,10:43:56,3591.3600,7
VBH9,10:43:56,3628.7700,1
VBH9,10:43:56,3854.2600,1
VBH9,10:43:56,3742.0000,5
VBH9,10:43:56,3779.4200,15
VBH9,10:43:56,3705.5700,1
VBH9,10:43:56,3668.1400,3
VBH9,10:43:56,3593.2800,8
VBH9,10:43:56,3555.8500,3
VBH9,10:44:54,3777.4000,50
VBH9,10:44:54,3740.0000,29
VBH9,10:44:54,3852.2000,11
VBH9,10:45:02,3739.0000,2
VBH9,10:45:08,3741.0000,10
VBH9,10:45:46,3591.3600,8
VBH9,10:45:49,3592.3200,2
VBH9,10:45:55,3704.5800,2
VBH9,10:45:58,3927.0000,1
VBH9,10:46:32,3815.8200,10
VBH9,10:46:32,3553.9500,12
VBH9,10:46:38,3628.7700,10
VBH9,10:46:38,3889.6000,6
VBH9,10:46:38,3553.0000,40
VBH9,10:46:38,3626.8300,8
VBH9,10:46:38,3589.4400,1
VBH9,10:46:38,3589.4400,6
VBH9,10:46:38,3887.5200,1
VBH9,10:46:38,3812.7600,6
VBH9,10:46:38,3700.6200,3
VBH9,10:46:38,3588.4800,15
VBH9,10:46:38,3886.4800,10
VBH9,10:46:38,3811.7400,1
VBH9,10:46:38,3923.8500,6
VBH9,10:46:38,3550.1500,10
VBH9,10:46:38,3923.8500,20
VBH9,10:46:38,3849.1100,157
VBH9,10:46:38,3889.6000,6
VBH9,10:46:38,3702.6000,1
VBH9,10:46:39,3739.0000,1
VBH9,10:46:44,3625.8600,6
VBH9,10:46:44,3551.1000,10
VBH9,10:46:44,3663.2400,40
VBH9,10:46:44,3699.6300,1
VBH9,10:46:44,3587.5200,10
VBH9,10:46:46,3587.5200,1
VBH9,10:46:51,3774.3700,5
VBH9,10:46:52,3923.8500,3
VBH9,10:46:53,3552.0500,10
VBH9,10:46:53,3851.1700,12
VBH9,10:47:14,3699.6300,1
VBH9,10:47:19,3698.6400,4
VBH9,10:47:19,3922.8000,1
VBH9,10:47:22,3698.6400,1
VBH9,10:47:23,3586.5600,3
VBH9,10:47:27,3622.9500,2
VBH9,10:47:27,3921.7500,1
VBH9,10:47:28,3772.3500,7
VBH9,10:47:28,3660.3000,10
VBH9,10:47:31,3586.5600,1
VBH9,10:47:33,3774.3700,10
VBH9,10:47:33,3624.8900,6
VBH9,10:47:33,3923.8500,14
VBH9,10:48:07,3811.7400,1
VBH9,10:48:07,3587.5200,1
VBH9,10:48:07,3550.1500,5
VBH9,10:48:19,3773.3600,23
VBH9,10:48:36,3696.6600,2
VBH9,10:48:40,3773.3600,1
VBH9,10:48:40,3549.2000,1
VBH9,10:48:45,3736.0000,1
VBH9,10:48:51,3622.9500,4
VBH9,10:49:32,3588.4800,1
VBH9,10:49:32,3923.8500,1
VBH9,10:49:35,3850.1400,1
VBH9,10:49:38,3549.2000,1
VBH9,10:49:38,3698.6400,2
VBH9,10:50:03,3812.7600,3
VBH9,10:50:03,3775.3800,5
VBH9,10:50:52,3924.9000,5
VBH9,10:50:57,3775.3800,1
VBH9,10:51:01,3738.0000,7
VBH9,10:51:12,3550.1500,10
VBH9,10:51:12,3810.7200,1
VBH9,10:51:12,3586.5600,1
VBH9,10:51:12,3698.6400,1
VBH9,10:51:12,3549.2000,37
VBH9,10:51:42,3848.0800,1
VBH9,10:51:42,3921.7500,6
VBH9,10:51:42,3772.3500,6
VBH9,10:51:42,3548.2500,1
VBH9,10:51:42,3622.9500,1
VBH9,10:51:42,3548.2500,5
VBH9,10:51:47,3549.2000,19
VBH9,10:51:52,3662.2600,1
VBH9,10:51:52,3699.6300,6
VBH9,10:51:56,3699.6300,19
VBH9,10:51:56,3923.8500,11
VBH9,10:51:56,3624.8900,10
VBH9,10:51:58,3849.1100,80
VBH9,10:51:58,3737.0000,7
VBH9,10:51:58,3849.1100,1
VBH9,10:52:51,3924.9000,1
VBH9,10:52:51,3588.4800,2
VBH9,10:52:51,3551.1000,4
VBH9,10:52:51,3812.7600,5
VBH9,10:52:51,3851.1700,23
VBH9,10:52:51,3701.6100,5
VBH9,10:52:51,3776.3900,6
VBH9,10:52:51,3776.3900,15
VBH9,10:52:51,3590.4000,1
VBH9,10:52:51,3627.8000,6
VBH9,10:52:51,3852.2000,23
VBH9,10:52:51,3889.6000,5
VBH9,10:52:51,3852.2000,40
VBH9,10:52:51,3702.6000,1
VBH9,10:52:51,3852.2000,36
VBH9,10:52:51,3927.0000,314
VBH9,10:52:51,3814.8000,83
VBH9,10:53:08,3702.6000,2
VBH9,10:53:35,3701.6100,1
VBH9,10:53:35,3888.5600,9
VBH9,10:53:36,3888.5600,31
VBH9,10:53:46,3927.0000,1
VBH9,10:53:46,3740.0000,13
VBH9,10:53:46,3666.1800,10
VBH9,10:53:46,3666.1800,576
VBH9,10:54:02,3890.6400,2
VBH9,10:54:09,3553.9500,2
VBH9,10:54:23,3888.5600,10
VBH9,10:54:23,3813.7800,1
VBH9,10:54:23,3589.4400,39
VBH9,10:54:29,3590.4000,1
VBH9,10:54:51,3814.8000,1
VBH9,10:55:08,3741.0000,400
VBH9,10:55:08,3703.5900,21
VBH9,10:55:08,3666.1800,23
VBH9,10:55:12,3890.6400,1
VBH9,10:55:30,3740.0000,1
VBH9,10:55:30,3814.8000,1
VBH9,10:55:30,3927.0000,1
VBH9,10:55:48,3814.8000,3
VBH9,10:57:44,3664.2200,3
VBH9,10:57:44,3851.1700,2
VBH9,10:57:45,3852.2000,5
VBH9,10:57:45,3814.8000,5
VBH9,10:57:45,3777.4000,5
VBH9,10:58:27,3814.8000,1
VBH9,10:58:27,3702.6000,19
VBH9,10:59:53,3852.2000,1
VBH9,11:00:13,3663.2400,1
VBH9,11:00:13,3850.1400,6
VBH9,11:00:13,3811.7400,10
VBH9,11:00:13,3923.8500,6
VBH9,11:00:13,3811.7400,1
VBH9,11:00:13,3662.2600,1
VBH9,11:00:13,3774.3700,1
VBH9,11:00:13,3737.0000,40
VBH9,11:00:13,3810.7200,3
VBH9,11:00:13,3623.9200,15
VBH9,11:00:13,3810.7200,3
VBH9,11:00:13,3885.4400,3
VBH9,11:00:13,3773.3600,1
VBH9,11:00:13,3586.5600,3
VBH9,11:00:13,3661.2800,3
VBH9,11:00:13,3922.8000,3
VBH9,11:00:13,3661.2800,3
VBH9,11:00:21,3886.4800,3
VBH9,11:00:29,3625.8600,6
VBH9,11:00:29,3775.3800,13
VBH9,11:00:31,3888.5600,1
VBH9,11:00:31,3626.8300,13
VBH9,11:00:31,3701.6100,1
VBH9,11:00:33,3553.0000,1
VBH9,11:00:33,3702.6000,13
VBH9,11:00:33,3703.5900,5
VBH9,11:00:33,3890.6400,6
VBH9,11:00:33,3741.0000,1
VBH9,11:00:33,3628.7700,10
VBH9,11:00:33,3554.9000,1
VBH9,11:00:33,3779.4200,23
VBH9,11:00:33,3891.6800,1
VBH9,11:00:33,3592.3200,12
VBH9,11:00:53,3630.7100,3
VBH9,11:00:53,3593.2800,104
VBH9,11:00:53,3668.1400,6
VBH9,11:00:53,3555.8500,1
VBH9,11:00:53,3818.8800,1
VBH9,11:00:53,3631.6800,4
VBH9,11:00:53,3557.7500,1
VBH9,11:00:53,3595.2000,1
VBH9,11:00:53,3782.4500,1
VBH9,11:00:53,3707.5500,2
VBH9,11:00:53,3782.4500,10
VBH9,11:00:56,3555.8500,1
VBH9,11:00:56,3743.0000,1
VBH9,11:00:56,3892.7200,1
VBH9,11:01:07,3744.0000,12
VBH9,11:01:10,3594.2400,1
VBH9,11:01:12,3932.2500,1
VBH9,11:01:12,3857.3500,1
VBH9,11:01:19,3708.5400,1
VBH9,11:01:19,3746.0000,2
VBH9,11:01:38,3593.2800,1
VBH9,11:01:38,3593.2800,3
VBH9,11:01:42,3594.2400,1
VBH9,11:01:46,3744.0000,1
VBH9,11:01:51,3631.6800,1
VBH9,11:01:52,3556.8000,1
VBH9,11:01:53,3931.2000,1
VBH9,11:01:55,3856.3200,1
VBH9,11:02:11,3705.5700,10
VBH9,11:02:23,3744.0000,1
VBH9,11:03:37,3854.2600,1
VBH9,11:03:45,3706.5600,6
VBH9,11:03:49,3854.2600,3
VBH9,11:03:49,3816.8400,1
VBH9,11:03:49,3704.5800,10
VBH9,11:03:49,3891.6800,40
VBH9,11:03:49,3854.2600,14
VBH9,11:03:49,3629.7400,3
VBH9,11:03:49,3779.4200,102
VBH9,11:03:49,3779.4200,1
VBH9,11:03:49,3554.9000,1
VBH9,11:03:49,3592.3200,12
VBH9,11:03:49,3816.8400,2
VBH9,11:03:49,3704.5800,1
VBH9,11:03:50,3929.1000,6
VBH9,11:03:50,3891.6800,4
VBH9,11:04:05,3629.7400,5
VBH9,11:04:53,3629.7400,1
VBH9,11:04:53,3929.1000,17
VBH9,11:04:53,3629.7400,18
VBH9,11:04:58,3816.8400,5
VBH9,11:04:58,3667.1600,3
VBH9,11:04:58,3779.4200,37
VBH9,11:05:07,3742.0000,3
VBH9,11:05:07,3629.7400,2
VBH9,11:05:13,3592.3200,2
VBH9,11:05:14,3816.8400,6
VBH9,11:05:14,3667.1600,23
VBH9,11:05:14,3742.0000,5
VBH9,11:05:14,3891.6800,12
VBH9,11:05:14,3929.1000,1
VBH9,11:05:14,3553.9500,3
VBH9,11:05:14,3928.0500,4
VBH9,11:05:14,3629.7400,14
VBH9,11:05:14,3891.6800,12
VBH9,11:05:14,3816.8400,4
VBH9,11:05:14,3816.8400,11
VBH9,11:05:14,3703.5900,3
VBH9,11:05:14,3929.1000,3
VBH9,11:05:14,3853.2300,1
VBH9,11:05:14,3853.2300,3
VBH9,11:05:14,3853.2300,3
VBH9,11:05:14,3742.0000,1
VBH9,11:05:14,3553.9500,5
VBH9,11:05:14,3666.1800,12
VBH9,11:05:14,3553.9500,1
VBH9,11:05:14,3628.7700,3
VBH9,11:05:14,3815.8200,18
VBH9,11:05:14,3629.7400,15
VBH9,11:05:14,3591.3600,4
VBH9,11:05:14,3704.5800,15
VBH9,11:05:14,3704.5800,2
VBH9,11:05:14,3629.7400,4
VBH9,11:05:14,3779.4200,2
VBH9,11:05:14,3779.4200,4
VBH9,11:05:14,3554.9000,2
VBH9,11:05:14,3779.4200,11
VBH9,11:05:14,3628.7700,1
VBH9,11:05:19,3816.8400,40
VBH9,11:05:19,3704.5800,14
VBH9,11:05:19,3628.7700,13
VBH9,11:05:19,3779.4200,3
VBH9,11:05:30,3929.1000,1
VBH9,11:05:33,3555.8500,5
VBH9,11:05:35,3742.0000,1
VBH9,11:05:36,3742.0000,9
VBH9,11:05:36,3592.3200,7
VBH9,11:05:36,3816.8400,2
VBH9,11:05:36,3816.8400,7
VBH9,11:05:36,3816.8400,5
VBH9,11:05:36,3554.9000,5
VBH9,11:05:36,3592.3200,1
VBH9,11:05:36,3891.6800,3
VBH9,11:05:36,3929.1000,1
VBH9,11:05:36,3890.6400,2
VBH9,11:05:36,3553.9500,3
VBH9,11:05:36,3854.2600,2
VBH9,11:05:36,3554.9000,2
VBH9,11:05:36,3667.1600,5
VBH9,11:05:36,3591.3600,8
VBH9,11:05:36,3629.7400,20
VBH9,11:05:36,3891.6800,1
VBH9,11:05:36,3742.0000,1
VBH9,11:05:36,3816.8400,7
VBH9,11:05:36,3629.7400,2
VBH9,11:05:36,3742.0000,3
VBH9,11:05:36,3742.0000,1
VBH9,11:05:36,3890.6400,6
VBH9,11:05:36,3553.9500,8
VBH9,11:05:36,3741.0000,5
VBH9,11:05:36,3854.2600,1
VBH9,11:05:36,3628.7700,1
VBH9,11:05:36,3591.3600,1
VBH9,11:05:47,3891.6800,40
VBH9,11:05:47,3629.7400,6
VBH9,11:05:47,3667.1600,1
VBH9,11:05:54,3667.1600,11
VBH9,11:05:54,3779.4200,2
VBH9,11:05:54,3928.0500,1
VBH9,11:05:59,3891.6800,15
VBH9,11:06:30,3854.2600,3
VBH9,11:06:30,3854.2600,40
VBH9,11:06:30,3891.6800,20
VBH9,11:06:30,3891.6800,11
VBH9,11:06:30,3816.8400,2
VBH9,11:06:30,3816.8400,2
VBH9,11:06:30,3592.3200,1
VBH9,11:06:30,3779.4200,14
VBH9,11:06:30,3779.4200,3
VBH9,11:06:30,3704.5800,1
VBH9,11:06:33,3816.8400,71
VBH9,11:06:33,3592.3200,7
VBH9,11:06:33,3592.3200,2
VBH9,11:06:33,3780.4300,1
VBH9,11:06:33,3668.1400,3
VBH9,11:06:33,3555.8500,15
VBH9,11:06:33,3594.2400,1
VBH9,11:06:33,3632.6500,1
VBH9,11:06:33,3932.2500,6
VBH9,11:06:33,3632.6500,2
VBH9,11:06:33,3857.3500,6
VBH9,11:06:33,3632.6500,6
VBH9,11:06:33,3707.5500,4
VBH9,11:06:35,3557.7500,20
VBH9,11:06:35,3595.2000,4
VBH9,11:06:35,3670.1000,1
VBH9,11:06:35,3820.9200,7
VBH9,11:06:35,3933.3000,5
VBH9,11:06:35,3895.8400,2
VBH9,11:06:35,3671.0800,5
VBH9,11:06:35,3746.0000,6
VBH9,11:06:35,3933.3000,6
VBH9,11:06:35,3633.6200,6
VBH9,11:06:35,3558.7000,2
VBH9,11:06:48,3558.7000,10
VBH9,11:06:54,3671.0800,1
VBH9,11:06:54,3634.5900,6
VBH9,11:06:54,3672.0600,34
VBH9,11:07:10,3896.8800,5
VBH9,11:07:16,3933.3000,3
VBH9,11:07:40,3857.3500,2
VBH9,11:07:40,3857.3500,2
VBH9,11:08:55,3895.8400,1
VBH9,11:08:55,3783.4600,4
VBH9,11:08:55,3633.6200,1
VBH9,11:08:58,3597.1200,1
VBH9,11:08:58,3709.5300,1
VBH9,11:09:54,3633.6200,1
VBH9,11:10:00,3857.3500,1
VBH9,11:10:00,3819.9000,1
VBH9,11:10:00,3782.4500,20
VBH9,11:10:00,3707.5500,8
VBH9,11:10:00,3670.1000,2
VBH9,11:10:00,3556.8000,1
VBH9,11:10:00,3594.2400,1
VBH9,11:10:00,3818.8800,1
VBH9,11:10:00,3892.7200,10
VBH9,11:10:08,3630.7100,5
VBH9,11:10:08,3745.0000,4
VBH9,11:11:36,3856.3200,1
VBH9,11:11:43,3595.2000,6
VBH9,11:12:20,3931.2000,1
VBH9,11:13:09,3930.1500,1
VBH9,11:13:09,3817.8600,2
VBH9,11:13:10,3743.0000,3
VBH9,11:13:11,3932.2500,1
VBH9,11:13:12,3595.2000,3
VBH9,11:13:12,3894.8000,1
VBH9,11:13:12,3782.4500,5
VBH9,11:13:12,3595.2000,1
VBH9,11:13:12,3857.3500,5
VBH9,11:13:12,3595.2000,4
VBH9,11:13:12,3707.5500,1
VBH9,11:13:12,3820.9200,2
VBH9,11:13:12,3671.0800,2
VBH9,11:13:12,3894.8000,5
VBH9,11:13:12,3557.7500,5
VBH9,11:13:12,3932.2500,1
VBH9,11:13:12,3895.8400,3
VBH9,11:13:12,3558.7000,14
VBH9,11:13:12,3933.3000,2
VBH9,11:13:12,3895.8400,1
VBH9,11:13:12,3746.0000,2
VBH9,11:13:12,3596.1600,2
VBH9,11:13:12,3633.6200,1
VBH9,11:13:12,3671.0800,2
VBH9,11:13:12,3708.5400,1
VBH9,11:13:12,3746.0000,6
VBH9,11:13:13,3933.3000,7
VBH9,11:13:18,3820.9200,8
VBH9,11:13:18,3708.5400,12
VBH9,11:13:18,3783.4600,4
VBH9,11:13:32,3669.1200,1
VBH9,11:13:32,3893.7600,40
VBH9,11:13:36,3745.0000,10
VBH9,11:13:36,3596.1600,10
VBH9,11:13:56,3668.1400,15
VBH9,11:13:56,3555.8500,1
VBH9,11:13:56,3555.8500,14
VBH9,11:14:00,3893.7600,1
VBH9,11:14:09,3932.2500,10
VBH9,11:14:18,3930.1500,1
VBH9,11:14:51,3817.8600,3
VBH9,11:14:51,3930.1500,1
VBH9,11:15:15,3704.5800,20
VBH9,11:15:15,3891.6800,40
VBH9,11:15:15,3779.4200,10
VBH9,11:15:16,3890.6400,3
VBH9,11:15:18,3928.0500,3
VBH9,11:15:18,3703.5900,1
VBH9,11:15:18,3890.6400,10
VBH9,11:15:18,3628.7700,3
VBH9,11:15:18,3890.6400,1
VBH9,11:15:18,3853.2300,1
VBH9,11:15:18,3591.3600,31
VBH9,11:15:19,3928.0500,40
VBH9,11:15:19,3553.9500,50
VBH9,11:15:19,3890.6400,1
VBH9,11:15:19,3627.8000,4
VBH9,11:15:19,3740.0000,505
VBH9,11:15:19,3703.5900,3
VBH9,11:15:26,3628.7700,1
VBH9,11:15:30,3742.0000,1
VBH9,11:15:33,3703.5900,4
VBH9,11:15:33,3628.7700,10
VBH9,11:15:33,3928.0500,20
VBH9,11:15:33,3928.0500,6
VBH9,11:15:33,3703.5900,2
VBH9,11:15:33,3853.2300,50
VBH9,11:15:33,3778.4100,14
VBH9,11:16:01,3890.6400,26
VBH9,11:16:01,3890.6400,49
VBH9,11:16:01,3778.4100,40
VBH9,11:16:01,3591.3600,3
VBH9,11:16:01,3778.4100,47
VBH9,11:16:01,3740.0000,1
VBH9,11:16:01,3702.6000,20
VBH9,11:16:03,3739.0000,25
VBH9,11:16:03,3701.6100,4
VBH9,11:16:03,3701.6100,11
VBH9,11:16:03,3588.4800,1
VBH9,11:16:03,3850.1400,1
VBH9,11:16:03,3812.7600,2
VBH9,11:16:03,3923.8500,4
VBH9,11:16:10,3925.9500,2
VBH9,11:16:24,3813.7800,3
VBH9,11:16:58,3927.0000,10
VBH9,11:17:14,3777.4000,15
VBH9,11:17:14,3665.2000,1
VBH9,11:17:15,3665.2000,11
VBH9,11:17:26,3702.6000,1
VBH9,11:17:26,3853.2300,4
VBH9,11:17:36,3666.1800,13
VBH9,11:17:38,3890.6400,1
VBH9,11:17:48,3666.1800,10
VBH9,11:17:48,3853.2300,3
VBH9,11:18:19,3702.6000,16
VBH9,11:19:07,3667.1600,2
VBH9,11:19:07,3554.9000,3
VBH9,11:19:40,3665.2000,6
VBH9,11:19:40,3777.4000,4
VBH9,11:19:40,3889.6000,40
VBH9,11:19:40,3777.4000,6
VBH9,11:19:40,3626.8300,1
VBH9,11:19:40,3813.7800,6
VBH9,11:19:40,3739.0000,14
VBH9,11:19:40,3626.8300,1
VBH9,11:20:05,3625.8600,1
VBH9,11:20:09,3589.4400,1
VBH9,11:20:10,3701.6100,3
VBH9,11:20:17,3777.4000,10
VBH9,11:20:17,3702.6000,3
VBH9,11:20:17,3889.6000,6
VBH9,11:20:17,3814.8000,1
VBH9,11:20:19,3737.0000,1
VBH9,11:20:19,3923.8500,1
VBH9,11:20:19,3662.2600,3
VBH9,11:20:26,3738.0000,3
VBH9,11:20:27,3624.8900,1
VBH9,11:20:43,3886.4800,10
VBH9,11:20:43,3811.7400,3
VBH9,11:20:43,3662.2600,3
VBH9,11:20:55,3774.3700,5
VBH9,11:21:02,3887.5200,1
VBH9,11:21:23,3663.2400,6
VBH9,11:21:25,3924.9000,5
VBH9,11:21:48,3737.0000,10
VBH9,11:21:55,3923.8500,3
VBH9,11:21:55,3737.0000,6
VBH9,11:21:55,3810.7200,1
VBH9,11:21:55,3848.0800,6
VBH9,11:21:55,3848.0800,4
VBH9,11:22:13,3737.0000,1
VBH9,11:22:23,3738.0000,1
VBH9,11:22:23,3924.9000,3
VBH9,11:23:13,3813.7800,4
VBH9,11:24:02,3738.0000,16
VBH9,11:24:06,3927.0000,1
VBH9,11:24:06,3852.2000,10
VBH9,11:24:19,3663.2400,1
VBH9,11:24:43,3814.8000,1
VBH9,11:26:00,3625.8600,5
VBH9,11:29:40,3777.4000,1
VBH9,11:29:40,3852.2000,1
VBH9,11:29:47,3553.0000,3
VBH9,11:30:02,3889.6000,1
VBH9,11:30:02,3702.6000,2
VBH9,11:30:02,3703.5900,1
VBH9,11:30:22,3777.4000,1
VBH9,11:30:32,3701.6100,1
VBH9,11:30:41,3551.1000,1
VBH9,11:30:45,3589.4400,1
VBH9,11:31:08,3851.1700,4
VBH9,11:31:08,3776.3900,4
VBH9,11:31:42,3737.0000,5
VBH9,11:32:23,3699.6300,1
VBH9,11:32:24,3886.4800,14
VBH9,11:32:28,3886.4800,20
VBH9,11:32:28,3849.1100,17
VBH9,11:32:28,3587.5200,1
VBH9,11:32:28,3550.1500,3
VBH9,11:32:28,3922.8000,1
VBH9,11:32:29,3809.7000,1
VBH9,11:32:29,3548.2500,9
VBH9,11:32:29,3772.3500,1
VBH9,11:32:29,3735.0000,2
VBH9,11:32:50,3772.3500,10
VBH9,11:32:50,3809.7000,40
VBH9,11:32:50,3659.3200,1
VBH9,11:32:50,3621.0100,1
VBH9,11:32:51,3843.9600,1
VBH9,11:32:51,3693.6900,1
VBH9,11:32:51,3805.6200,5
VBH9,11:32:51,3582.7200,1
VBH9,11:32:55,3880.2400,3
VBH9,11:32:59,3917.5500,12
VBH9,11:32:59,3693.6900,3
VBH9,11:32:59,3805.6200,1
VBH9,11:32:59,3544.4500,1
VBH9,11:32:59,3544.4500,3
VBH9,11:33:02,3769.3200,1
VBH9,11:33:03,3769.3200,4
VBH9,11:33:03,3769.3200,10
VBH9,11:33:12,3695.6700,10
VBH9,11:33:12,3733.0000,6
VBH9,11:33:12,3734.0000,6
VBH9,11:33:12,3548.2500,10
VBH9,11:33:12,3548.2500,5
VBH9,11:33:12,3697.6500,6
VBH9,11:33:12,3921.7500,40
VBH9,11:33:12,3847.0500,15
VBH9,11:33:12,3847.0500,3
VBH9,11:33:12,3735.0000,3
VBH9,11:33:12,3772.3500,1
VBH9,11:33:12,3921.7500,6
VBH9,11:33:12,3772.3500,1
VBH9,11:33:12,3809.7000,56
VBH9,11:33:12,3809.7000,24
VBH9,11:33:12,3847.0500,12
VBH9,11:33:12,3921.7500,82
VBH9,11:33:30,3733.0000,2
VBH9,11:33:39,3658.3400,1
VBH9,11:34:07,3881.2800,1
VBH9,11:34:13,3805.6200,2
VBH9,11:34:18,3842.9300,8
VBH9,11:34:31,3693.6900,7
VBH9,11:34:31,3544.4500,20
VBH9,11:34:35,3655.4000,1
VBH9,11:34:35,3804.6000,5
VBH9,11:34:35,3730.0000,30
VBH9,11:34:35,3729.0000,1
VBH9,11:34:35,3766.2900,20
VBH9,11:34:35,3691.7100,10
VBH9,11:34:35,3915.4500,10
VBH9,11:34:35,3542.5500,1
VBH9,11:34:35,3728.0000,1
VBH9,11:34:35,3578.8800,2
VBH9,11:34:35,3802.5600,1
VBH9,11:34:35,3803.5800,6
VBH9,11:34:35,3690.7200,5
VBH9,11:34:35,3541.6000,5
VBH9,11:34:35,3729.0000,1
VBH9,11:34:37,3692.7000,2
VBH9,11:34:37,3767.3000,1
VBH9,11:34:38,3802.5600,1
VBH9,11:34:45,3690.7200,5
VBH9,11:34:49,3655.4000,1
VBH9,11:34:49,3879.2000,5
VBH9,11:35:12,3543.5000,1
VBH9,11:35:12,3692.7000,5
VBH9,11:35:12,3768.3100,10
VBH9,11:35:12,3544.4500,6
VBH9,11:35:12,3842.9300,15
VBH9,11:35:12,3657.3600,1
VBH9,11:35:12,3545.4000,5
VBH9,11:35:12,3806.6400,40
VBH9,11:35:12,3769.3200,3
VBH9,11:35:12,3545.4000,3
VBH9,11:35:15,3545.4000,2
VBH9,11:35:15,3732.0000,8
VBH9,11:35:15,3545.4000,3
VBH9,11:35:36,3544.4500,1
VBH9,11:35:45,3655.4000,1
VBH9,11:35:47,3618.1000,1
VBH9,11:35:47,3878.1600,1
VBH9,11:35:47,3729.0000,6
VBH9,11:35:47,3578.8800,4
VBH9,11:35:47,3839.8400,14
VBH9,11:35:50,3803.5800,6
VBH9,11:35:50,3766.2900,10
VBH9,11:35:50,3617.1300,6
VBH9,11:35:50,3878.1600,1
VBH9,11:35:53,3840.8700,1
VBH9,11:35:56,3578.8800,4
VBH9,11:36:00,3765.2800,3
VBH9,11:36:08,3914.4000,9
VBH9,11:36:08,3616.1600,2
VBH9,11:36:26,3690.7200,8
VBH9,11:36:29,3727.0000,1
VBH9,11:36:29,3801.5400,3
VBH9,11:36:37,3914.4000,4
VBH9,11:36:38,3803.5800,1
VBH9,11:36:44,3728.0000,1
VBH9,11:36:47,3691.7100,1
VBH9,11:36:56,3802.5600,1
VBH9,11:36:59,3728.0000,4
VBH9,11:36:59,3877.1200,41
VBH9,11:36:59,3877.1200,5
VBH9,11:37:01,3691.7100,5
VBH9,11:37:01,3803.5800,5
VBH9,11:37:02,3580.8000,1
VBH9,11:37:03,3916.5000,5
VBH9,11:37:24,3653.4400,1
VBH9,11:37:43,3540.6500,2
VBH9,11:37:43,3838.8100,6
VBH9,11:37:43,3652.4600,1
VBH9,11:37:43,3615.1900,11
VBH9,11:37:45,3729.0000,10
VBH9,11:37:45,3579.8400,5
VBH9,11:37:45,3617.1300,6
VBH9,11:37:46,3655.4000,3
VBH9,11:37:50,3915.4500,10
VBH9,11:37:50,3839.8400,1
VBH9,11:37:50,3578.8800,6
VBH9,11:38:05,3541.6000,2
VBH9,11:38:05,3541.6000,2
VBH9,11:38:27,3765.2800,1
VBH9,11:38:32,3653.4400,1
VBH9,11:38:39,3729.0000,1
VBH9,11:39:07,3840.8700,1
VBH9,11:39:07,3878.1600,1
VBH9,11:39:18,3803.5800,1
VBH9,11:39:31,3801.5400,1
VBH9,11:39:31,3726.0000,1
VBH9,11:39:31,3763.2600,1
VBH9,11:39:31,3688.7400,1
VBH9,11:39:35,3801.5400,100
VBH9,11:39:57,3540.6500,3
VBH9,11:39:57,3689.7300,123
VBH9,11:39:57,3838.8100,19
VBH9,11:40:01,3837.7800,7
VBH9,11:40:01,3539.7000,1
VBH9,11:40:01,3800.5200,1
VBH9,11:40:01,3576.9600,2
VBH9,11:40:05,3652.4600,130
VBH9,11:40:05,3876.0800,75
VBH9,11:40:05,3764.2700,22
VBH9,11:40:05,3838.8100,2
VBH9,11:40:08,3875.0400,18
VBH9,11:40:08,3726.0000,2
VBH9,11:40:08,3651.4800,3
VBH9,11:40:08,3539.7000,30
VBH9,11:40:08,3539.7000,3
VBH9,11:40:08,3912.3000,6
VBH9,11:40:13,3688.7400,10
VBH9,11:40:13,3763.2600,3
VBH9,11:40:23,3651.4800,3
VBH9,11:40:33,3539.7000,17
VBH9,11:40:35,3837.7800,16
VBH9,11:41:04,3912.3000,10
VBH9,11:41:09,3763.2600,3
VBH9,11:41:13,3576.9600,1
VBH9,11:41:21,3763.2600,1
VBH9,11:41:21,3874.0000,1
VBH9,11:41:21,3911.2500,4
VBH9,11:41:21,3725.0000,2
VBH9,11:41:21,3799.5000,1
VBH9,11:41:21,3613.2500,3
VBH9,11:41:21,3650.5000,3
VBH9,11:41:21,3911.2500,20
VBH9,11:41:21,3576.0000,3
VBH9,11:41:21,3687.7500,40
VBH9,11:41:21,3725.0000,6
VBH9,11:41:21,3687.7500,10
VBH9,11:41:21,3537.8000,4
VBH9,11:41:21,3761.2400,1
VBH9,11:41:21,3798.4800,10
VBH9,11:41:21,3724.0000,6
VBH9,11:41:21,3761.2400,20
VBH9,11:41:21,3612.2800,28
VBH9,11:41:21,3760.2300,10
VBH9,11:41:21,3760.2300,1
VBH9,11:41:21,3760.2300,6
VBH9,11:41:21,3648.5400,245
VBH9,11:41:21,3576.0000,6
VBH9,11:41:21,3761.2400,10
VBH9,11:41:21,3761.2400,5
VBH9,11:41:21,3649.5200,1
VBH9,11:41:21,3649.5200,5
VBH9,11:41:21,3537.8000,3
VBH9,11:41:21,3797.4600,6
VBH9,11:41:21,3648.5400,154
VBH9,11:41:21,3648.5400,20
VBH9,11:41:21,3685.7700,20
VBH9,11:41:21,3871.9200,26
VBH9,11:41:21,3760.2300,5
VBH9,11:41:21,3760.2300,153
VBH9,11:41:22,3909.1500,2
VBH9,11:41:22,3574.0800,20
VBH9,11:41:22,3909.1500,10
VBH9,11:41:27,3871.9200,2
VBH9,11:41:33,3872.9600,2
VBH9,11:41:33,3872.9600,3
VBH9,11:41:33,3686.7600,1
VBH9,11:41:45,3575.0400,1
VBH9,11:42:08,3537.8000,3
VBH9,11:42:08,3612.2800,1
VBH9,11:42:10,3687.7500,1
VBH9,11:42:14,3611.3100,1
VBH9,11:42:20,3685.7700,9
VBH9,11:42:20,3685.7700,9
VBH9,11:42:20,3834.6900,42
VBH9,11:42:20,3611.3100,1
VBH9,11:42:32,3722.0000,1
VBH9,11:42:32,3796.4400,1
VBH9,11:42:32,3610.3400,1
VBH9,11:42:32,3610.3400,2
VBH9,11:42:32,3647.5600,10
VBH9,11:42:32,3722.0000,10
VBH9,11:42:32,3833.6600,10
VBH9,11:42:32,3796.4400,9
VBH9,11:42:32,3610.3400,31
VBH9,11:42:32,3610.3400,40
VBH9,11:42:32,3907.0500,1
VBH9,11:42:32,3907.0500,5
VBH9,11:42:33,3870.8800,4
VBH9,11:42:33,3869.8400,15
VBH9,11:42:33,3869.8400,1
VBH9,11:42:33,3832.6300,3
VBH9,11:42:33,3572.1600,4
VBH9,11:42:33,3869.8400,3
VBH9,11:42:33,3869.8400,18
VBH9,11:42:35,3795.4200,2
VBH9,11:42:37,3609.3700,1
VBH9,11:42:40,3758.2100,7
VBH9,11:42:40,3609.3700,1
VBH9,11:42:40,3683.7900,11
VBH9,11:42:45,3796.4400,10
VBH9,11:42:45,3573.1200,2
VBH9,11:42:45,3832.6300,10
VBH9,11:42:45,3646.5800,10
VBH9,11:42:45,3609.3700,8
VBH9,11:42:45,3721.0000,3
VBH9,11:42:45,3646.5800,8
VBH9,11:42:45,3758.2100,21
VBH9,11:42:45,3758.2100,20
VBH9,11:42:46,3720.0000,2
VBH9,11:42:46,3868.8000,1
VBH9,11:42:46,3906.0000,20
VBH9,11:42:46,3757.2000,5
VBH9,11:42:46,3534.0000,20
VBH9,11:42:46,3796.4400,6
VBH9,11:42:46,3870.8800,10
VBH9,11:42:46,3535.9000,6
VBH9,11:42:46,3833.6600,28
VBH9,11:42:50,3572.1600,1
VBH9,11:42:51,3571.2000,2
VBH9,11:42:52,3833.6600,1
VBH9,11:42:54,3758.2100,1
VBH9,11:42:58,3685.7700,2
VBH9,11:42:58,3611.3100,1
VBH9,11:42:59,3683.7900,20
VBH9,11:43:00,3535.9000,1
VBH9,11:43:01,3573.1200,1
VBH9,11:43:10,3722.0000,1
VBH9,11:43:11,3573.1200,1
VBH9,11:43:14,3684.7800,3
VBH9,11:43:21,3723.0000,3
VBH9,11:43:21,3611.3100,3
VBH9,11:43:21,3575.0400,10
VBH9,11:43:21,3649.5200,6
VBH9,11:43:21,3537.8000,19
VBH9,11:43:21,3575.0400,6
VBH9,11:43:21,3798.4800,6
VBH9,11:43:21,3724.0000,4
VBH9,11:43:21,3724.0000,24
VBH9,11:43:22,3725.0000,1
VBH9,11:43:22,3912.3000,1
VBH9,11:43:22,3763.2600,6
VBH9,11:43:22,3726.0000,11
VBH9,11:43:44,3874.0000,6
VBH9,11:43:44,3911.2500,24
VBH9,11:44:43,3761.2400,20
VBH9,11:44:58,3761.2400,3
VBH9,11:45:08,3799.5000,1
VBH9,11:45:08,3762.2500,10
VBH9,11:45:13,3687.7500,16
VBH9,11:45:13,3650.5000,9
VBH9,11:45:16,3872.9600,1
VBH9,11:45:35,3762.2500,3
VBH9,11:45:36,3875.0400,1
VBH9,11:45:36,3837.7800,2
VBH9,11:45:43,3836.7500,10
VBH9,11:45:55,3614.2200,1
VBH9,11:45:55,3576.9600,4
VBH9,11:45:57,3875.0400,3
VBH9,11:45:57,3688.7400,37
VBH9,11:45:57,3838.8100,6
VBH9,11:45:57,3690.7200,1
VBH9,11:45:57,3690.7200,6
VBH9,11:45:57,3765.2800,3
VBH9,11:45:57,3541.6000,2
VBH9,11:45:57,3616.1600,1
VBH9,11:45:57,3728.0000,1
VBH9,11:45:57,3578.8800,1
VBH9,11:45:57,3914.4000,1
VBH9,11:45:57,3690.7200,1
VBH9,11:45:57,3765.2800,1
VBH9,11:45:57,3653.4400,8
VBH9,11:45:57,3728.0000,5
VBH9,11:45:57,3914.4000,3
VBH9,11:45:58,3878.1600,1
VBH9,11:45:58,3691.7100,1
VBH9,11:45:59,3764.2700,1
VBH9,11:46:16,3654.4200,1
VBH9,11:46:16,3615.1900,1
VBH9,11:46:21,3728.0000,1
VBH9,11:46:21,3728.0000,1
VBH9,11:46:21,3840.8700,1
VBH9,11:46:32,3764.2700,1
VBH9,11:46:43,3727.0000,6
VBH9,11:46:44,3763.2600,1
VBH9,11:46:55,3541.6000,1
VBH9,11:46:55,3578.8800,20
VBH9,11:46:55,3803.5800,6
VBH9,11:46:55,3915.4500,6
VBH9,11:46:55,3654.4200,40
VBH9,11:46:55,3579.8400,79
VBH9,11:46:59,3615.1900,1
VBH9,11:46:59,3801.5400,2
VBH9,11:47:08,3618.1000,1
VBH9,11:47:09,3543.5000,2
VBH9,11:47:09,3916.5000,3
VBH9,11:47:49,3653.4400,10
VBH9,11:47:49,3877.1200,6
VBH9,11:47:49,3914.4000,10
VBH9,11:47:49,3764.2700,6
VBH9,11:47:49,3801.5400,14
VBH9,11:47:49,3913.3500,46
VBH9,11:47:49,3689.7300,40
VBH9,11:47:49,3838.8100,6
VBH9,11:48:07,3913.3500,5
VBH9,11:48:36,3540.6500,2
VBH9,11:48:36,3689.7300,3
VBH9,11:48:36,3876.0800,17
VBH9,11:48:36,3540.6500,4
VBH9,11:48:36,3577.9200,14
VBH9,11:48:36,3764.2700,4
VBH9,11:48:36,3913.3500,1
VBH9,11:48:36,3689.7300,3
VBH9,11:48:36,3540.6500,1
VBH9,11:48:36,3689.7300,10
VBH9,11:48:36,3727.0000,1
VBH9,11:48:36,3540.6500,29
VBH9,11:48:36,3838.8100,4
VBH9,11:48:37,3727.0000,10
VBH9,11:48:37,3801.5400,2
VBH9,11:48:37,3615.1900,4
VBH9,11:48:37,3801.5400,4
VBH9,11:48:37,3765.2800,1
VBH9,11:48:37,3728.0000,3
VBH9,11:48:37,3839.8400,6
VBH9,11:48:37,3653.4400,2
VBH9,11:48:37,3877.1200,8
VBH9,11:48:37,3802.5600,8
VBH9,11:48:37,3616.1600,5
VBH9,11:48:37,3616.1600,2
VBH9,11:48:37,3690.7200,4
VBH9,11:48:37,3542.5500,6
VBH9,11:48:37,3617.1300,2
VBH9,11:48:37,3840.8700,2
VBH9,11:48:37,3729.0000,2
VBH9,11:48:41,3766.2900,4
VBH9,11:48:41,3840.8700,1
VBH9,11:48:41,3691.7100,20
VBH9,11:48:41,3542.5500,10
VBH9,11:48:41,3915.4500,13
VBH9,11:48:41,3654.4200,7
VBH9,11:48:41,3729.0000,10
VBH9,11:48:41,3729.0000,2
VBH9,11:48:41,3617.1300,14
VBH9,11:48:41,3691.7100,6
VBH9,11:48:41,3766.2900,20
VBH9,11:48:41,3579.8400,8
VBH9,11:49:07,3914.4000,3
VBH9,11:49:07,3616.1600,9
VBH9,11:49:07,3728.0000,1
VBH9,11:49:07,3541.6000,6
VBH9,11:49:22,3614.2200,10
VBH9,11:49:22,3688.7400,6
VBH9,11:49:36,3763.2600,1
VBH9,11:49:52,3651.4800,5
VBH9,11:50:01,3839.8400,1
VBH9,11:50:01,3839.8400,40
VBH9,11:50:01,3728.0000,10
VBH9,11:50:01,3616.1600,5
VBH9,11:50:01,3766.2900,1
VBH9,11:50:01,3766.2900,19
VBH9,11:50:02,3766.2900,6
VBH9,11:50:02,3915.4500,13
VBH9,11:50:10,3839.8400,10
VBH9,11:50:10,3727.0000,5
VBH9,11:50:27,3540.6500,1
VBH9,11:50:27,3726.0000,4
VBH9,11:50:27,3800.5200,6
VBH9,11:50:27,3874.0000,19
VBH9,11:50:36,3689.7300,1
VBH9,11:50:36,3764.2700,1
VBH9,11:50:55,3838.8100,1
VBH9,11:51:15,3876.0800,130
VBH9,11:51:34,3689.7300,4
VBH9,11:51:58,3688.7400,5
VBH9,11:52:28,3762.2500,11
VBH9,11:52:28,3874.0000,4
VBH9,11:52:48,3614.2200,1
VBH9,11:52:48,3912.3000,1
VBH9,11:52:48,3763.2600,1
VBH9,11:52:48,3875.0400,1
VBH9,11:52:48,3912.3000,1
VBH9,11:52:48,3577.9200,40
VBH9,11:52:48,3615.1900,1
VBH9,11:52:50,3725.0000,10
VBH9,11:52:50,3874.0000,7
VBH9,11:52:50,3686.7600,13
VBH9,11:52:59,3538.7500,1
VBH9,11:53:03,3837.7800,1
VBH9,11:53:36,3650.5000,10
VBH9,11:53:36,3910.2000,74
VBH9,11:53:46,3761.2400,72
VBH9,11:53:46,3835.7200,20
VBH9,11:54:17,3874.0000,4
VBH9,11:54:17,3650.5000,4
VBH9,11:54:17,3613.2500,4
VBH9,11:54:17,3911.2500,4
VBH9,11:54:45,3650.5000,1
VBH9,11:54:58,3799.5000,2
VBH9,11:55:02,3650.5000,1
VBH9,11:55:59,3834.6900,6
VBH9,11:55:59,3760.2300,1
VBH9,11:55:59,3871.9200,1
VBH9,11:55:59,3574.0800,12
VBH9,11:55:59,3871.9200,3
VBH9,11:55:59,3536.8500,25
VBH9,11:55:59,3684.7800,10
VBH9,11:55:59,3535.9000,6
VBH9,11:55:59,3534.9500,24
VBH9,11:55:59,3832.6300,24
VBH9,11:55:59,3534.9500,23
VBH9,11:55:59,3795.4200,40
VBH9,11:55:59,3795.4200,1
VBH9,11:55:59,3907.0500,10
VBH9,11:55:59,3758.2100,15
VBH9,11:55:59,3571.2000,1
VBH9,11:55:59,3831.6000,1
VBH9,11:55:59,3534.0000,6
VBH9,11:55:59,3571.2000,10
VBH9,11:55:59,3721.0000,16
VBH9,11:55:59,3571.2000,13
VBH9,11:55:59,3906.0000,12
VBH9,11:55:59,3757.2000,15
VBH9,11:55:59,3794.4000,10
VBH9,11:55:59,3645.6000,4
VBH9,11:55:59,3645.6000,3
VBH9,11:55:59,3868.8000,20
VBH9,11:55:59,3534.0000,6
VBH9,11:55:59,3645.6000,6
VBH9,11:55:59,3794.4000,1
VBH9,11:55:59,3868.8000,1
VBH9,11:55:59,3571.2000,1
VBH9,11:55:59,3794.4000,1
VBH9,11:55:59,3534.0000,1
VBH9,11:55:59,3719.0000,2
VBH9,11:55:59,3607.4300,1
VBH9,11:55:59,3792.3600,11
VBH9,11:55:59,3680.8200,10
VBH9,11:55:59,3680.8200,9
VBH9,11:55:59,3569.2800,1
VBH9,11:55:59,3569.2800,4
VBH9,11:55:59,3866.7200,1
VBH9,11:55:59,3792.3600,2
VBH9,11:55:59,3718.0000,2
VBH9,11:55:59,3717.0000,1
VBH9,11:55:59,3754.1700,1
VBH9,11:55:59,3791.3400,2
VBH9,11:55:59,3567.3600,1
VBH9,11:55:59,3530.2000,1
VBH9,11:55:59,3753.1600,6
VBH9,11:55:59,3789.3000,33
VBH9,11:55:59,3715.0000,3
VBH9,11:55:59,3753.1600,10
VBH9,11:55:59,3790.3200,1
VBH9,11:55:59,3530.2000,5
VBH9,11:55:59,3826.4500,4
VBH9,11:55:59,3826.4500,2
VBH9,11:55:59,3716.0000,3
VBH9,11:55:59,3642.6600,1
VBH9,11:55:59,3718.0000,1
VBH9,11:56:00,3641.6800,7
VBH9,11:56:00,3604.5200,6
VBH9,11:56:00,3677.8500,1
VBH9,11:56:00,3529.2500,1
VBH9,11:56:00,3753.1600,4
VBH9,11:56:00,3604.5200,1
VBH9,11:56:00,3752.1500,5
VBH9,11:56:00,3789.3000,1
VBH9,11:56:00,3715.0000,3
VBH9,11:56:00,3863.6000,3
VBH9,11:56:00,3602.5800,2
VBH9,11:56:00,3641.6800,10
VBH9,11:56:00,3753.1600,10
VBH9,11:56:00,3825.4200,5
VBH9,11:56:00,3639.7200,23
VBH9,11:56:00,3676.8600,1
VBH9,11:56:00,3862.5600,3
VBH9,11:56:00,3751.1400,6
VBH9,11:56:00,3751.1400,6
VBH9,11:56:00,3713.0000,1
VBH9,11:56:00,3753.1600,10
VBH9,11:56:00,3530.2000,3
VBH9,11:56:00,3791.3400,6
VBH9,11:56:00,3531.1500,11
VBH9,11:56:00,3680.8200,9
VBH9,11:56:00,3532.1000,7
VBH9,11:56:00,3755.1800,2
VBH9,11:56:00,3606.4600,6
VBH9,11:56:00,3718.0000,46
VBH9,11:56:00,3602.5800,10
VBH9,11:56:00,3565.4400,6
VBH9,11:56:00,3899.7000,3
VBH9,11:56:00,3565.4400,21
VBH9,11:56:00,3602.5800,10
VBH9,11:56:00,3787.2600,5
VBH9,11:56:00,3675.8700,20
VBH9,11:56:00,3713.0000,17
VBH9,11:56:00,3750.1300,23
VBH9,11:56:00,3527.3500,7
VBH9,11:56:00,3601.6100,20
VBH9,11:56:00,3825.4200,10
VBH9,11:56:00,3713.0000,1
VBH9,11:56:00,3563.5200,3
VBH9,11:56:00,3823.3600,1
VBH9,11:56:00,3712.0000,3
VBH9,11:56:00,3675.8700,1
VBH9,11:56:00,3639.7200,1
VBH9,11:56:00,3898.6500,6
VBH9,11:56:00,3600.6400,2
VBH9,11:56:00,3526.4000,3
VBH9,11:56:00,3526.4000,1
VBH9,11:56:00,3600.6400,6
VBH9,11:56:00,3600.6400,40
VBH9,11:56:00,3526.4000,3
VBH9,11:56:00,3859.4400,10
VBH9,11:56:00,3785.2200,5
VBH9,11:56:00,3826.4500,2
VBH9,11:56:00,3715.0000,6
VBH9,11:56:00,3528.3000,10
VBH9,11:56:01,3827.4800,2
VBH9,11:56:01,3864.6400,1
VBH9,11:56:01,3716.0000,1
VBH9,11:56:08,3715.0000,1
VBH9,11:56:14,3566.4000,5
VBH9,11:56:14,3863.6000,7
VBH9,11:56:14,3790.3200,9
VBH9,11:56:14,3864.6400,1
VBH9,11:56:16,3789.3000,1
VBH9,11:56:17,3715.0000,14
VBH9,11:56:21,3605.4900,1
VBH9,11:56:21,3530.2000,2
VBH9,11:56:31,3789.3000,6
VBH9,11:56:52,3864.6400,9
VBH9,11:56:52,3753.1600,1
VBH9,11:56:52,3901.8000,1
VBH9,11:56:54,3828.5100,1
VBH9,11:56:58,3716.0000,2
VBH9,11:57:00,3680.8200,5
VBH9,11:57:00,3643.6400,4
VBH9,11:57:00,3569.2800,40
VBH9,11:57:00,3607.4300,4
VBH9,11:57:00,3607.4300,1
VBH9,11:57:00,3607.4300,2
VBH9,11:57:00,3607.4300,3
VBH9,11:57:00,3570.2400,3
VBH9,11:57:00,3867.7600,7
VBH9,11:57:17,3533.0500,1
VBH9,11:57:26,3532.1000,2
VBH9,11:57:33,3866.7200,1
VBH9,11:57:41,3680.8200,4
VBH9,11:57:41,3792.3600,1
VBH9,11:57:41,3643.6400,5
VBH9,11:57:52,3606.4600,2
VBH9,11:57:54,3532.1000,1
VBH9,11:58:30,3608.4000,2
VBH9,11:58:30,3608.4000,8
VBH9,11:58:30,3645.6000,1
VBH9,11:58:30,3534.0000,2
VBH9,11:58:30,3571.2000,31
VBH9,11:58:57,3532.1000,10
VBH9,11:58:57,3679.8300,6
VBH9,11:58:57,3791.3400,1
VBH9,11:58:57,3678.8400,4
VBH9,11:59:06,3792.3600,6
VBH9,11:59:06,3606.4600,6
VBH9,11:59:14,3533.0500,1
VBH9,11:59:17,3644.6200,1
VBH9,11:59:18,3644.6200,1
VBH9,11:59:22,3608.4000,4
VBH9,11:59:22,3831.6000,4
VBH9,11:59:22,3757.2000,36
VBH9,11:59:22,3534.0000,7
VBH9,11:59:33,3720.0000,2
VBH9,11:59:52,3758.2100,2
VBH9,12:00:02,3720.0000,3
VBH9,12:00:02,3906.0000,3
VBH9,12:00:41,3831.6000,10
VBH9,12:00:41,3907.0500,100
VBH9,12:00:41,3869.8400,6
VBH9,12:00:41,3646.5800,40
VBH9,12:00:41,3572.1600,3
VBH9,12:00:58,3646.5800,1
VBH9,12:01:04,3721.0000,1
VBH9,12:01:04,3572.1600,40
VBH9,12:01:04,3759.2200,10
VBH9,12:01:05,3870.8800,2
VBH9,12:01:05,3684.7800,3
VBH9,12:01:19,3907.0500,13
VBH9,12:01:19,3683.7900,13
VBH9,12:01:19,3609.3700,11
VBH9,12:01:19,3572.1600,40
VBH9,12:01:19,3907.0500,6
VBH9,12:01:19,3758.2100,31
VBH9,12:01:19,3795.4200,3
VBH9,12:01:19,3796.4400,1
VBH9,12:01:19,3907.0500,3
VBH9,12:01:19,3572.1600,12
VBH9,12:01:19,3721.0000,22
VBH9,12:01:20,3646.5800,19
VBH9,12:01:20,3572.1600,9
VBH9,12:01:20,3869.8400,9
VBH9,12:01:20,3609.3700,6
VBH9,12:01:25,3832.6300,1
VBH9,12:02:41,3796.4400,5
VBH9,12:02:57,3572.1600,1
VBH9,12:03:12,3645.6000,2
VBH9,12:03:12,3868.8000,2
VBH9,12:03:18,3571.2000,6
VBH9,12:03:18,3682.8000,4
VBH9,12:03:20,3681.8100,1
VBH9,12:03:20,3904.9500,3
VBH9,12:03:20,3533.0500,3
VBH9,12:03:20,3681.8100,3
VBH9,12:03:20,3570.2400,7
VBH9,12:03:20,3681.8100,10
VBH9,12:03:20,3681.8100,10
VBH9,12:03:20,3606.4600,3
VBH9,12:03:20,3903.9000,3
VBH9,12:03:20,3643.6400,3
VBH9,12:03:30,3605.4900,5
VBH9,12:03:30,3604.5200,4
VBH9,12:03:30,3901.8000,1
VBH9,12:03:30,3716.0000,2
VBH9,12:03:30,3716.0000,7
VBH9,12:03:30,3529.2500,16
VBH9,12:03:30,3827.4800,5
VBH9,12:04:12,3532.1000,10
VBH9,12:04:12,3903.9000,1
VBH9,12:04:12,3680.8200,3
VBH9,12:04:12,3793.3800,6
VBH9,12:04:12,3644.6200,1
VBH9,12:04:12,3533.0500,15
VBH9,12:04:12,3606.4600,6
VBH9,12:04:12,3867.7600,2
VBH9,12:04:12,3904.9500,5
VBH9,12:05:08,3869.8400,6
VBH9,12:05:08,3572.1600,1
VBH9,12:05:21,3608.4000,1
VBH9,12:05:30,3571.2000,9
VBH9,12:05:30,3757.2000,11
VBH9,12:05:38,3570.2400,12
VBH9,12:05:38,3793.3800,56
VBH9,12:05:38,3719.0000,15
VBH9,12:05:38,3681.8100,10
VBH9,12:05:38,3533.0500,7
VBH9,12:05:38,3570.2400,4
VBH9,12:05:42,3829.5400,1
VBH9,12:05:42,3866.7200,3
VBH9,12:05:42,3903.9000,1
VBH9,12:05:42,3644.6200,1
VBH9,12:05:42,3534.0000,2
VBH9,12:05:47,3831.6000,6
VBH9,12:05:47,3645.6000,2
VBH9,12:05:47,3906.0000,4
VBH9,12:05:47,3646.5800,6
VBH9,12:05:47,3796.4400,10
VBH9,12:05:47,3796.4400,1
VBH9,12:05:47,3535.9000,6
VBH9,12:05:47,3610.3400,1
VBH9,12:05:47,3870.8800,9
VBH9,12:05:48,3834.6900,1
VBH9,12:05:48,3575.0400,5
VBH9,12:05:48,3722.0000,1
VBH9,12:05:48,3910.2000,7
VBH9,12:05:48,3612.2800,1
VBH9,12:05:48,3649.5200,10
VBH9,12:05:48,3687.7500,5
VBH9,12:05:48,3874.0000,5
VBH9,12:05:48,3539.7000,10
VBH9,12:05:48,3726.0000,6
VBH9,12:05:48,3615.1900,10
VBH9,12:05:48,3689.7300,4
VBH9,12:05:48,3837.7800,1
VBH9,12:05:48,3576.9600,1
VBH9,12:05:48,3539.7000,9
VBH9,12:05:48,3801.5400,6
VBH9,12:05:48,3876.0800,15
VBH9,12:05:48,3540.6500,6
VBH9,12:05:48,3615.1900,40
VBH9,12:05:48,3540.6500,5
VBH9,12:05:48,3615.1900,3
VBH9,12:05:48,3765.2800,10
VBH9,12:05:48,3653.4400,10
VBH9,12:05:48,3877.1200,33
VBH9,12:05:48,3728.0000,1
VBH9,12:05:48,3877.1200,20
VBH9,12:05:48,3617.1300,1
VBH9,12:05:48,3579.8400,1
VBH9,12:05:49,3539.7000,1
VBH9,12:05:49,3726.0000,1
VBH9,12:06:00,3687.7500,3
VBH9,12:06:00,3538.7500,6
VBH9,12:06:17,3913.3500,1
VBH9,12:06:24,3541.6000,1
VBH9,12:06:28,3689.7300,1
VBH9,12:06:44,3616.1600,1
VBH9,12:06:45,3539.7000,4
VBH9,12:06:46,3614.2200,5
VBH9,12:06:55,3650.5000,3
VBH9,12:06:55,3576.0000,3
VBH9,12:06:55,3650.5000,2
VBH9,12:07:00,3913.3500,6
VBH9,12:07:00,3616.1600,7
VBH9,12:07:00,3726.0000,4
VBH9,12:07:07,3727.0000,2
VBH9,12:07:07,3763.2600,4
VBH9,12:07:09,3576.9600,6
VBH9,12:07:09,3576.9600,4
VBH9,12:07:23,3651.4800,1
VBH9,12:07:31,3912.3000,10
VBH9,12:07:45,3614.2200,1
VBH9,12:07:55,3651.4800,7
VBH9,12:07:55,3874.0000,1
VBH9,12:07:55,3911.2500,1
VBH9,12:08:05,3611.3100,7
VBH9,12:08:05,3536.8500,3
VBH9,12:08:08,3573.1200,9
VBH9,12:08:08,3833.6600,1
VBH9,12:08:17,3721.0000,5
VBH9,12:08:39,3650.5000,1
VBH9,12:08:40,3538.7500,2
VBH9,12:08:40,3538.7500,6
VBH9,12:08:40,3799.5000,1
VBH9,12:08:40,3836.7500,2
VBH9,12:08:40,3799.5000,7
VBH9,12:08:40,3911.2500,2
VBH9,12:08:40,3799.5000,5
VBH9,12:08:40,3911.2500,2
VBH9,12:08:40,3799.5000,2
VBH9,12:08:40,3725.0000,2
VBH9,12:08:40,3911.2500,2
VBH9,12:08:40,3762.2500,3
VBH9,12:08:40,3650.5000,4
VBH9,12:08:40,3687.7500,2
VBH9,12:08:40,3874.0000,3
VBH9,12:08:40,3911.2500,11
VBH9,12:08:40,3650.5000,2
VBH9,12:08:40,3912.3000,2
VBH9,12:08:40,3539.7000,6
VBH9,12:08:40,3763.2600,1
VBH9,12:08:40,3614.2200,1
VBH9,12:08:40,3614.2200,4
VBH9,12:08:45,3725.0000,5
VBH9,12:08:45,3725.0000,5
VBH9,12:08:45,3687.7500,1
VBH9,12:08:50,3614.2200,1
VBH9,12:08:50,3614.2200,1
VBH9,12:08:50,3651.4800,3
VBH9,12:08:50,3875.0400,2
VBH9,12:08:57,3761.2400,5
VBH9,12:10:05,3537.8000,5
VBH9,12:10:05,3798.4800,1
VBH9,12:10:05,3872.9600,1
VBH9,12:10:05,3649.5200,3
VBH9,12:10:17,3686.7600,10
VBH9,12:11:10,3724.0000,10
VBH9,12:11:10,3872.9600,6
VBH9,12:11:16,3871.9200,6
VBH9,12:11:16,3723.0000,1
VBH9,12:11:16,3536.8500,1
VBH9,12:11:17,3724.0000,1
VBH9,12:11:23,3834.6900,1
VBH9,12:11:23,3908.1000,4
VBH9,12:11:32,3872.9600,1
VBH9,12:11:42,3759.2200,5
VBH9,12:11:54,3647.5600,1
VBH9,12:11:54,3833.6600,1
VBH9,12:11:54,3870.8800,1
VBH9,12:11:54,3833.6600,6
VBH9,12:11:54,3683.7900,1
VBH9,12:11:54,3907.0500,4
VBH9,12:11:54,3646.5800,4
VBH9,12:11:54,3534.9500,1
VBH9,12:11:54,3645.6000,1
VBH9,12:12:21,3795.4200,1
VBH9,12:12:37,3721.0000,1
VBH9,12:12:41,3794.4000,1
VBH9,12:12:47,3831.6000,1
VBH9,12:12:47,3794.4000,1
VBH9,12:12:47,3793.3800,1
VBH9,12:12:47,3756.1900,2
VBH9,12:12:47,3867.7600,6
VBH9,12:12:47,3718.0000,10
VBH9,12:12:47,3606.4600,2
VBH9,12:12:47,3903.9000,6
VBH9,12:12:47,3829.5400,3
VBH9,12:12:47,3718.0000,1
VBH9,12:12:47,3792.3600,2
VBH9,12:12:47,3532.1000,15
VBH9,12:12:48,3829.5400,2
VBH9,12:12:48,3606.4600,1
VBH9,12:12:48,3680.8200,3
VBH9,12:12:48,3755.1800,6
VBH9,12:12:48,3792.3600,3
VBH9,12:12:48,3606.4600,2
VBH9,12:12:48,3903.9000,9
VBH9,12:12:49,3828.5100,1
VBH9,12:12:49,3531.1500,1
VBH9,12:12:49,3791.3400,6
VBH9,12:12:49,3606.4600,10
VBH9,12:12:49,3643.6400,27
VBH9,12:12:50,3570.2400,1
VBH9,12:12:59,3605.4900,5
VBH9,12:13:04,3717.0000,5
VBH9,12:13:04,3901.8000,5
VBH9,12:13:04,3678.8400,6
VBH9,12:13:04,3677.8500,2
VBH9,12:13:04,3826.4500,2
VBH9,12:13:04,3677.8500,4
VBH9,12:13:04,3529.2500,40
VBH9,12:13:04,3900.7500,7
VBH9,12:13:04,3900.7500,6
VBH9,12:13:04,3603.5500,6
VBH9,12:13:04,3677.8500,6
VBH9,12:13:04,3899.7000,1
VBH9,12:13:04,3862.5600,1
VBH9,12:13:04,3565.4400,14
VBH9,12:13:04,3788.2800,1
VBH9,12:13:04,3899.7000,2
VBH9,12:13:04,3861.5200,1
VBH9,12:13:04,3675.8700,6
VBH9,12:13:04,3788.2800,2
VBH9,12:13:04,3601.6100,1
VBH9,12:13:04,3788.2800,2
VBH9,12:13:05,3787.2600,2
VBH9,12:13:05,3751.1400,13
VBH9,12:13:05,3751.1400,1
VBH9,12:13:05,3862.5600,8
VBH9,12:13:05,3602.5800,7
VBH9,12:13:06,3640.7000,6
VBH9,12:13:06,3604.5200,10
VBH9,12:13:06,3864.6400,6
VBH9,12:13:06,3864.6400,40
VBH9,12:13:12,3571.2000,6
VBH9,12:13:29,3608.4000,1
VBH9,12:13:34,3684.7800,1
VBH9,12:13:34,3833.6600,2
VBH9,12:13:39,3757.2000,3
VBH9,12:13:44,3758.2100,3
VBH9,12:14:00,3573.1200,1
VBH9,12:14:05,3722.0000,10
VBH9,12:14:05,3759.2200,4
VBH9,12:14:05,3908.1000,15
VBH9,12:14:05,3535.9000,13
VBH9,12:14:08,3572.1600,1
VBH9,12:14:34,3573.1200,1
VBH9,12:14:41,3535.9000,75
VBH9,12:14:41,3759.2200,7
VBH9,12:14:41,3535.9000,7
VBH9,12:14:41,3796.4400,7
VBH9,12:14:41,3647.5600,61
VBH9,12:14:41,3797.4600,1
VBH9,12:14:41,3724.0000,5
VBH9,12:15:40,3874.0000,1
VBH9,12:15:51,3687.7500,1
VBH9,12:15:54,3725.0000,1
VBH9,12:15:54,3650.5000,1
VBH9,12:16:02,3577.9200,10
VBH9,12:16:02,3838.8100,10
VBH9,12:16:05,3913.3500,1
VBH9,12:16:11,3801.5400,1
VBH9,12:16:12,3763.2600,7
VBH9,12:16:12,3688.7400,7
VBH9,12:16:12,3688.7400,1
VBH9,12:16:14,3614.2200,10
VBH9,12:16:14,3801.5400,3
VBH9,12:16:14,3764.2700,4
VBH9,12:16:14,3615.1900,2
VBH9,12:16:14,3577.9200,1
VBH9,12:16:15,3875.0400,1
VBH9,12:16:27,3837.7800,2
VBH9,12:16:30,3911.2500,1
VBH9,12:16:31,3763.2600,8
VBH9,12:16:31,3726.0000,2
VBH9,12:16:38,3800.5200,8
VBH9,12:17:06,3689.7300,1
VBH9,12:17:06,3689.7300,11
VBH9,12:17:40,3539.7000,3
VBH9,12:17:40,3874.0000,3
VBH9,12:17:40,3725.0000,16
VBH9,12:17:40,3687.7500,6
VBH9,12:17:40,3537.8000,5
VBH9,12:17:40,3649.5200,6
VBH9,12:17:40,3575.0400,2
VBH9,12:17:40,3724.0000,3
VBH9,12:17:40,3575.0400,1
VBH9,12:17:40,3797.4600,1
VBH9,12:17:40,3648.5400,4
VBH9,12:18:25,3649.5200,3
VBH9,12:18:26,3723.0000,6
VBH9,12:18:26,3723.0000,19
VBH9,12:18:48,3836.7500,1
VBH9,12:19:24,3688.7400,2
VBH9,12:19:36,3761.2400,10
VBH9,12:19:40,3648.5400,2
VBH9,12:19:40,3797.4600,10
VBH9,12:19:40,3536.8500,8
VBH9,12:20:03,3535.9000,4
VBH9,12:20:03,3535.9000,3
VBH9,12:20:03,3759.2200,10
VBH9,12:20:03,3722.0000,8
VBH9,12:20:04,3758.2100,4
VBH9,12:20:04,3832.6300,10
VBH9,12:20:04,3534.9500,1
VBH9,12:20:04,3869.8400,10
VBH9,12:20:04,3794.4000,5
VBH9,12:21:53,3681.8100,1
VBH9,12:21:58,3793.3800,5
VBH9,12:22:16,3571.2000,1
VBH9,12:23:06,3608.4000,16
VBH9,12:23:28,3644.6200,4
VBH9,12:23:37,3793.3800,1
VBH9,12:24:19,3534.0000,10
VBH9,12:24:47,3757.2000,10
VBH9,12:25:19,3682.8000,20
VBH9,12:25:19,3906.0000,30
VBH9,12:27:04,3720.0000,1
VBH9,12:27:04,3570.2400,44
VBH9,12:27:04,3830.5700,40
VBH9,12:27:04,3533.0500,16
VBH9,12:27:04,3644.6200,1
VBH9,12:27:04,3570.2400,3
VBH9,12:27:04,3681.8100,13
VBH9,12:27:25,3645.6000,3
VBH9,12:27:26,3794.4000,40
VBH9,12:27:45,3721.0000,3
VBH9,12:28:11,3869.8400,1
VBH9,12:28:45,3795.4200,4
VBH9,12:28:53,3719.0000,1
VBH9,12:28:58,3682.8000,1
VBH9,12:28:58,3906.0000,40
VBH9,12:29:17,3755.1800,1
VBH9,12:29:25,3902.8500,1
VBH9,12:29:25,3865.6800,1
VBH9,12:29:31,3901.8000,1
VBH9,12:29:44,3641.6800,1
VBH9,12:29:53,3604.5200,9
VBH9,12:29:53,3641.6800,80
VBH9,12:29:53,3901.8000,30
VBH9,12:30:02,3678.8400,1
VBH9,12:30:02,3678.8400,4
VBH9,12:30:08,3640.7000,1
VBH9,12:30:08,3752.1500,1
VBH9,12:30:08,3677.8500,3
VBH9,12:30:08,3640.7000,2
VBH9,12:30:09,3639.7200,18
VBH9,12:30:09,3788.2800,1
VBH9,12:30:09,3750.1300,1
VBH9,12:30:10,3861.5200,2
VBH9,12:30:11,3863.6000,1
VBH9,12:30:28,3789.3000,1
VBH9,12:31:10,3603.5500,1
VBH9,12:31:10,3602.5800,6
VBH9,12:31:10,3788.2800,19
VBH9,12:31:39,3714.0000,1
VBH9,12:31:39,3714.0000,6
VBH9,12:31:39,3714.0000,2
VBH9,12:31:39,3751.1400,12
VBH9,12:31:42,3639.7200,1
VBH9,12:32:02,3715.0000,1
VBH9,12:32:02,3640.7000,2
VBH9,12:32:09,3900.7500,2
VBH9,12:32:13,3676.8600,135
VBH9,12:32:38,3752.1500,1
VBH9,12:32:41,3676.8600,1
VBH9,12:32:49,3529.2500,48
VBH9,12:33:13,3640.7000,11
VBH9,12:33:13,3529.2500,11
VBH9,12:33:16,3863.6000,22
VBH9,12:33:16,3529.2500,7
VBH9,12:33:58,3714.0000,1
VBH9,12:33:58,3825.4200,2
VBH9,12:33:58,3639.7200,1
VBH9,12:34:01,3676.8600,1
VBH9,12:34:01,3601.6100,4
VBH9,12:34:01,3824.3900,1
VBH9,12:34:13,3751.1400,2
VBH9,12:34:42,3565.4400,10
VBH9,12:35:06,3751.1400,1
VBH9,12:35:06,3713.0000,2
VBH9,12:35:06,3789.3000,1
VBH9,12:35:32,3716.0000,1
VBH9,12:35:37,3790.3200,1
VBH9,12:35:43,3604.5200,1
