SECID,TRADETIME,PRICE,QUANTITY
EuH9,19:05:00,77102.8200,1
EuH9,19:05:00,77840.1900,1
EuH9,19:05:00,73304.8400,2
EuH9,19:05:00,75547.0000,1
EuH9,19:05:00,77813.4100,1
EuH9,19:05:00,79324.3500,2
EuH9,19:05:02,77069.1600,3
EuH9,19:05:02,77825.7700,10
EuH9,19:05:02,74804.4000,53
EuH9,19:05:03,74801.4300,1
EuH9,19:05:03,75557.0000,1
EuH9,19:05:03,76304.4900,1
EuH9,19:05:04,73280.5900,1
EuH9,19:05:04,76302.4700,23
EuH9,19:05:04,75547.0000,50
EuH9,19:05:04,73279.6200,1
EuH9,19:05:06,74788.5600,3
EuH9,19:05:09,71765.8500,1
EuH9,19:05:18,74793.5100,3
EuH9,19:05:18,76304.4900,1
EuH9,19:05:19,77040.6000,1
EuH9,19:05:23,71769.6500,1
EuH9,19:05:23,75548.0000,1
EuH9,19:05:24,73273.8000,5
EuH9,19:05:27,77050.8000,10
EuH9,19:05:40,78557.4400,5
EuH9,19:05:40,72514.5600,4
EuH9,19:05:41,79308.6000,1
EuH9,19:05:43,74774.7000,5
EuH9,19:05:43,77045.7000,1
EuH9,19:05:52,75530.0000,5
EuH9,19:05:52,71751.6000,1
EuH9,19:05:52,78547.0400,3
EuH9,19:05:52,71748.7500,2
EuH9,19:05:54,76282.2700,5
EuH9,19:05:54,78550.1600,1
EuH9,19:05:54,79300.2000,1
EuH9,19:05:58,77794.8700,3
EuH9,19:05:58,76276.2100,3
EuH9,19:05:59,76280.2500,2
EuH9,19:05:59,71748.7500,4
EuH9,19:05:59,73260.2200,3
EuH9,19:05:59,78551.2000,2
EuH9,19:05:59,78554.3200,3
EuH9,19:05:59,73270.8900,3
EuH9,19:05:59,79314.9000,200
EuH9,19:05:59,77805.1700,9
EuH9,19:05:59,77806.2000,74
EuH9,19:05:59,77028.3600,1
EuH9,19:06:01,77779.4200,2
EuH9,19:06:01,71740.2000,1
EuH9,19:06:01,78537.6800,2
EuH9,19:06:01,77027.3400,2
EuH9,19:06:01,77790.7500,3
EuH9,19:06:01,75511.0000,1
EuH9,19:06:09,77028.3600,1
EuH9,19:06:10,74754.9000,1
EuH9,19:06:10,77775.3000,1
EuH9,19:06:10,79285.5000,1
EuH9,19:06:10,78530.4000,5
EuH9,19:06:10,77775.3000,8
EuH9,19:06:10,71734.5000,7
EuH9,19:06:11,77776.3300,2
EuH9,19:06:14,78530.4000,12
EuH9,19:06:25,77018.1600,1
EuH9,19:06:26,77768.0900,1
EuH9,19:06:26,72482.8800,15
EuH9,19:06:26,72480.0000,2
EuH9,19:06:26,72480.0000,1
EuH9,19:06:26,72481.9200,1
EuH9,19:06:27,73990.0000,1
EuH9,19:06:27,76241.8700,4
EuH9,19:06:27,75486.0000,3
EuH9,19:06:27,77750.5800,1
EuH9,19:06:27,77749.5500,1
EuH9,19:06:27,78503.3600,1
EuH9,19:06:27,76992.6600,4
EuH9,19:06:27,74726.1900,3
EuH9,19:06:27,72458.8800,3
EuH9,19:06:27,76230.7600,3
EuH9,19:06:27,77739.2500,1
EuH9,19:06:27,75475.0000,3
EuH9,19:06:27,74719.2600,3
EuH9,19:06:27,78505.4400,1
EuH9,19:06:27,78512.7200,1
EuH9,19:06:27,76994.7000,1
EuH9,19:06:27,76238.8400,1
EuH9,19:06:28,77004.9000,3
EuH9,19:06:28,78515.8400,2
EuH9,19:06:28,77761.9100,3
EuH9,19:06:28,75500.0000,3
EuH9,19:06:28,77765.0000,89
EuH9,19:06:28,72466.5600,2
EuH9,19:06:28,73221.4200,1
EuH9,19:06:28,76994.7000,2
EuH9,19:06:28,78505.4400,3
EuH9,19:06:28,73219.4800,1
EuH9,19:06:28,72463.6800,1
EuH9,19:06:28,74739.0600,1
EuH9,19:06:29,71716.4500,1
EuH9,19:06:29,72468.4800,1
EuH9,19:06:30,76248.9400,1
EuH9,19:06:30,72464.6400,2
EuH9,19:06:36,72466.5600,2
EuH9,19:06:42,72454.0800,9
EuH9,19:06:42,76982.4600,3
EuH9,19:06:42,73208.8100,1
EuH9,19:06:43,76988.5800,1
EuH9,19:06:47,73963.5400,2
EuH9,19:06:55,77739.2500,1
EuH9,19:06:55,77739.2500,2
EuH9,19:06:55,76229.7500,2
EuH9,19:07:00,72450.2400,2
EuH9,19:07:00,75468.0000,2
EuH9,19:07:00,76977.3600,3
EuH9,19:07:00,76222.6800,5
EuH9,19:07:00,71692.7000,3
EuH9,19:07:00,77729.9800,4
EuH9,19:07:00,75465.0000,1
EuH9,19:07:00,79238.2500,5
EuH9,19:07:00,77726.8900,3
EuH9,19:07:00,73952.7600,10
EuH9,19:07:00,79234.0500,1
EuH9,19:07:00,79236.1500,5
EuH9,19:07:00,71687.9500,2
EuH9,19:07:00,74723.2200,3
EuH9,19:07:00,76220.6600,3
EuH9,19:07:00,78481.5200,3
EuH9,19:07:00,78479.4400,3
EuH9,19:07:00,77724.8300,1
EuH9,19:07:01,73199.1100,2
EuH9,19:07:01,76215.6100,4
EuH9,19:07:01,76971.2400,3
EuH9,19:07:01,76216.6200,2
EuH9,19:07:01,76214.6000,2
EuH9,19:07:01,79235.1000,5
EuH9,19:07:01,72441.6000,3
EuH9,19:07:01,79233.0000,6
EuH9,19:07:01,76214.6000,3
EuH9,19:07:01,71684.1500,3
EuH9,19:07:01,78475.2800,7
EuH9,19:07:01,75459.0000,6
EuH9,19:07:01,79230.9000,3
EuH9,19:07:01,76211.5700,21
EuH9,19:07:01,78474.2400,4
EuH9,19:07:01,76218.6400,1
EuH9,19:07:01,72443.5200,1
EuH9,19:07:01,71686.0500,1
EuH9,19:07:01,76209.5500,1
EuH9,19:07:01,73943.9400,3
EuH9,19:07:01,73950.8000,4
EuH9,19:07:01,76221.6700,3
EuH9,19:07:01,73205.9000,1
EuH9,19:07:01,71687.9500,3
EuH9,19:07:01,73195.2300,1
EuH9,19:07:02,79231.9500,5
EuH9,19:07:03,73194.2600,3
EuH9,19:07:04,77723.8000,74
EuH9,19:07:07,78492.9600,4
EuH9,19:07:08,71697.4500,1
EuH9,19:07:08,74716.2900,4
EuH9,19:07:15,75454.0000,1
EuH9,19:07:16,71678.4500,1
EuH9,19:07:20,76972.2600,3
EuH9,19:07:24,77728.9500,1
EuH9,19:07:28,76214.6000,1
EuH9,19:07:36,75453.0000,2
EuH9,19:07:37,73186.5000,2
EuH9,19:07:37,71677.5000,6
EuH9,19:07:37,77713.5000,17
EuH9,19:07:37,73941.0000,1
EuH9,19:07:37,78468.0000,1
EuH9,19:07:37,75450.0000,10
EuH9,19:07:37,79222.5000,1
EuH9,19:07:37,73193.2900,1
EuH9,19:07:38,76953.9000,1
EuH9,19:07:38,76953.9000,2
EuH9,19:07:38,73936.1000,1
EuH9,19:07:38,76956.9600,1
EuH9,19:07:39,73933.1600,3
EuH9,19:07:39,76949.8200,1
EuH9,19:07:39,71668.0000,5
EuH9,19:07:39,77703.2000,6
EuH9,19:07:40,72424.3200,1
EuH9,19:07:44,72429.1200,1
EuH9,19:07:49,72432.9600,1
EuH9,19:08:11,75450.0000,1
EuH9,19:08:21,75459.0000,3
EuH9,19:08:21,73195.2300,2
EuH9,19:08:29,74696.4900,3
EuH9,19:08:29,77714.5300,15
EuH9,19:08:29,74695.5000,1
EuH9,19:08:29,72432.0000,1
EuH9,19:08:29,78468.0000,1
EuH9,19:08:29,73939.0400,2
EuH9,19:08:29,76956.9600,1
EuH9,19:08:33,73949.8200,3
EuH9,19:08:33,76968.1800,7
EuH9,19:08:52,77722.7700,6
EuH9,19:08:52,77723.8000,54
EuH9,19:08:52,76214.6000,6
EuH9,19:08:53,73953.7400,14
EuH9,19:08:53,71697.4500,4
EuH9,19:08:53,73962.5600,3
EuH9,19:08:53,73207.8400,4
EuH9,19:09:06,74704.4100,1
EuH9,19:09:06,75458.0000,3
EuH9,19:09:06,76966.1400,11
EuH9,19:09:06,74702.4300,4
EuH9,19:09:15,76970.2200,6
EuH9,19:09:15,73951.7800,2
EuH9,19:09:15,78479.4400,22
EuH9,19:09:51,73952.7600,1
EuH9,19:10:01,76222.6800,3
EuH9,19:10:01,76976.3400,2
EuH9,19:10:01,76221.6700,1
EuH9,19:10:01,73956.6800,1
EuH9,19:10:04,79246.6500,5
EuH9,19:10:04,78491.9200,1
EuH9,19:10:04,73208.8100,1
EuH9,19:10:06,73967.4600,11
EuH9,19:10:08,76241.8700,1
EuH9,19:10:12,77743.3700,1
EuH9,19:10:17,75466.0000,9
EuH9,19:10:18,73203.9600,3
EuH9,19:10:18,76223.6900,7
EuH9,19:10:18,75462.0000,2
EuH9,19:10:18,71688.9000,3
EuH9,19:10:20,77732.0400,2
EuH9,19:10:29,78477.3600,3
EuH9,19:10:31,71682.2500,5
EuH9,19:10:31,73945.9000,3
EuH9,19:10:31,74697.4800,3
EuH9,19:10:31,73186.5000,1
EuH9,19:10:31,74695.5000,1
EuH9,19:10:31,74691.5400,1
EuH9,19:10:55,76974.3000,2
EuH9,19:10:56,71689.8500,4
EuH9,19:10:56,72442.5600,4
EuH9,19:10:56,73950.8000,3
EuH9,19:10:56,72441.6000,10
EuH9,19:10:56,79231.9500,10
EuH9,19:10:56,75458.0000,15
EuH9,19:10:56,73194.2600,10
EuH9,19:10:56,74703.4200,2
EuH9,19:10:56,76212.5800,152
EuH9,19:10:56,79230.9000,5
EuH9,19:10:58,77720.7100,3
EuH9,19:10:58,78473.2000,1
EuH9,19:10:58,77717.6200,3
EuH9,19:10:58,74697.4800,1
EuH9,19:10:58,76965.1200,3
EuH9,19:10:58,72437.7600,1
EuH9,19:10:58,74703.4200,3
EuH9,19:11:09,79247.7000,3
EuH9,19:11:11,73970.4000,3
EuH9,19:11:18,77748.5200,1
EuH9,19:11:18,76238.8400,1
EuH9,19:11:23,79247.7000,1
EuH9,19:11:24,75475.0000,5
EuH9,19:11:24,79247.7000,3
EuH9,19:11:24,76982.4600,4
EuH9,19:11:24,73208.8100,2
EuH9,19:11:24,73216.5700,1
EuH9,19:11:28,73215.6000,1
EuH9,19:11:28,78501.2800,55
EuH9,19:11:28,76991.6400,63
EuH9,19:11:28,73972.3600,20
EuH9,19:11:28,74727.1800,10
EuH9,19:11:28,73972.3600,1
EuH9,19:11:32,72466.5600,4
EuH9,19:11:32,79264.5000,3
EuH9,19:11:32,76244.9000,4
EuH9,19:11:32,75492.0000,10
EuH9,19:11:32,79267.6500,3
EuH9,19:11:32,78512.7200,6
EuH9,19:11:40,75486.0000,1
EuH9,19:11:40,77759.8500,5
EuH9,19:11:40,74740.0500,5
EuH9,19:11:40,76249.9500,85
EuH9,19:11:44,79275.0000,15
EuH9,19:11:44,75500.0000,5
EuH9,19:11:47,77010.0000,1
EuH9,19:11:49,75500.0000,5
EuH9,19:12:02,77008.9800,1
EuH9,19:12:02,72480.0000,4
EuH9,19:12:02,73235.0000,5
EuH9,19:12:06,73990.0000,1
EuH9,19:12:06,76255.0000,1
EuH9,19:12:06,75500.0000,2
EuH9,19:12:06,73235.0000,1
EuH9,19:12:06,71725.0000,11
EuH9,19:12:07,74754.9000,10
EuH9,19:12:08,75510.0000,5
EuH9,19:12:10,73244.7000,9
EuH9,19:12:10,74755.8900,1
EuH9,19:12:10,74759.8500,3
EuH9,19:12:10,76270.1500,4
EuH9,19:12:15,79297.0500,2
EuH9,19:12:16,76277.2200,1
EuH9,19:12:16,78543.9200,4
EuH9,19:12:16,77789.7200,1
EuH9,19:12:16,74767.7700,1
EuH9,19:12:16,74014.5000,2
EuH9,19:12:22,73254.4000,1
EuH9,19:12:33,78541.8400,3
EuH9,19:12:33,77030.4000,2
EuH9,19:12:34,73255.3700,3
EuH9,19:12:34,74010.5800,4
EuH9,19:12:34,71747.8000,3
EuH9,19:12:34,71747.8000,10
EuH9,19:12:34,79301.2500,3
EuH9,19:12:34,79301.2500,1
EuH9,19:12:34,77036.5200,1
EuH9,19:12:41,74011.5600,1
EuH9,19:12:53,78546.0000,1
EuH9,19:13:00,72506.8800,50
EuH9,19:13:14,76280.2500,5
EuH9,19:13:14,75526.0000,15
EuH9,19:13:26,74773.7100,4
EuH9,19:13:26,78550.1600,4
EuH9,19:13:26,76284.2900,24
EuH9,19:13:27,78550.1600,30
EuH9,19:13:28,78550.1600,3
EuH9,19:13:28,76284.2900,3
EuH9,19:13:28,74018.4200,27
EuH9,19:13:49,77794.8700,1
EuH9,19:13:49,79306.5000,3
EuH9,19:13:53,75540.0000,4
EuH9,19:13:53,74034.1000,1
EuH9,19:13:54,73278.6500,1
EuH9,19:13:54,72518.4000,3
EuH9,19:14:18,77804.1400,1
EuH9,19:14:27,77030.4000,10
EuH9,19:14:27,74763.8100,3
EuH9,19:14:27,75518.0000,4
EuH9,19:14:27,77028.3600,10
EuH9,19:14:27,77027.3400,1
EuH9,19:14:27,79292.8500,2
EuH9,19:14:52,76270.1500,1
EuH9,19:15:12,79288.6500,2
EuH9,19:15:15,76270.1500,35
EuH9,19:15:19,79284.4500,3
EuH9,19:15:19,71734.5000,3
EuH9,19:15:19,77020.2000,1
EuH9,19:15:19,72490.5600,4
EuH9,19:15:19,79286.5500,4
EuH9,19:15:19,72492.4800,3
EuH9,19:15:19,75516.0000,3
EuH9,19:15:19,72495.3600,4
EuH9,19:15:28,72494.4000,1
EuH9,19:15:28,74004.7000,4
EuH9,19:16:06,79298.1000,3
EuH9,19:16:12,77030.4000,3
EuH9,19:16:12,75519.0000,1
EuH9,19:16:12,73253.4300,1
EuH9,19:16:26,71744.0000,10
EuH9,19:16:27,77026.3200,1
EuH9,19:16:27,74003.7200,2
EuH9,19:16:34,79301.2500,2
EuH9,19:17:28,73999.8000,5
EuH9,19:17:28,77020.2000,1
EuH9,19:17:38,76265.1000,4
EuH9,19:17:38,73244.7000,2
EuH9,19:17:39,73999.8000,1
EuH9,19:17:44,77773.2400,3
EuH9,19:17:44,75507.0000,1
EuH9,19:17:44,72480.9600,1
EuH9,19:17:44,71725.9500,1
EuH9,19:18:04,79260.3000,1
EuH9,19:18:04,76239.8500,1
EuH9,19:18:07,73218.5100,4
EuH9,19:18:07,77747.4900,3
EuH9,19:18:07,79256.1000,4
EuH9,19:18:07,78501.2800,10
EuH9,19:18:07,75481.0000,3
EuH9,19:18:07,74725.2000,6
EuH9,19:18:30,71715.5000,10
EuH9,19:18:31,78508.5600,2
EuH9,19:18:33,74731.1400,1
EuH9,19:18:35,73225.3000,3
EuH9,19:18:55,74728.1700,5
EuH9,19:18:55,74727.1800,3
EuH9,19:18:55,78500.2400,5
EuH9,19:18:55,73216.5700,5
EuH9,19:18:55,73972.3600,3
EuH9,19:18:55,76990.6200,3
EuH9,19:18:55,76989.6000,17
EuH9,19:18:55,74726.1900,1
EuH9,19:18:55,78500.2400,1
EuH9,19:19:13,74729.1600,1
EuH9,19:19:13,78503.3600,4
EuH9,19:19:43,76245.9100,1
EuH9,19:19:48,74736.0900,1
EuH9,19:19:51,77750.5800,1
EuH9,19:20:11,72471.3600,1
EuH9,19:20:12,77753.6700,2
EuH9,19:20:49,74740.0500,5
EuH9,19:20:49,78514.8000,5
EuH9,19:20:54,71720.2500,5
EuH9,19:20:57,71719.3000,1
EuH9,19:20:57,77004.9000,1
EuH9,19:21:16,77004.9000,3
EuH9,19:21:16,77760.8800,3
EuH9,19:21:16,74742.0300,3
EuH9,19:21:16,75498.0000,2
EuH9,19:21:16,73233.0600,1
EuH9,19:21:16,73234.0300,3
EuH9,19:21:16,78520.0000,3
EuH9,19:21:16,73236.9400,3
EuH9,19:21:16,77005.9200,3
EuH9,19:21:16,73987.0600,3
EuH9,19:21:24,71727.8500,1
EuH9,19:21:42,78536.6400,2
EuH9,19:21:42,77029.3800,1
EuH9,19:21:47,73259.2500,2
EuH9,19:21:56,75526.0000,5
EuH9,19:21:56,78551.2000,5
EuH9,19:21:56,76291.3600,2
EuH9,19:21:56,74025.2800,2
EuH9,19:22:05,76283.2800,1
EuH9,19:22:28,78549.1200,1
EuH9,19:23:21,74009.6000,2
EuH9,19:23:29,77030.4000,3
EuH9,19:24:24,72485.7600,5
EuH9,19:24:32,74745.0000,2
EuH9,19:24:33,77010.0000,1
EuH9,19:24:33,73984.1200,3
EuH9,19:24:33,77000.8200,3
EuH9,19:24:33,73981.1800,4
EuH9,19:24:33,76244.9000,10
EuH9,19:24:33,75488.0000,4
EuH9,19:24:48,73243.7300,1
EuH9,19:25:21,74745.0000,2
EuH9,19:25:21,78520.0000,1
EuH9,19:26:20,79275.0000,17
EuH9,19:26:21,71731.6500,2
EuH9,19:26:50,78508.5600,2
EuH9,19:26:50,77753.6700,1
EuH9,19:26:50,73225.3000,1
EuH9,19:27:07,74743.0200,3
EuH9,19:27:07,77008.9800,1
EuH9,19:27:25,76262.0700,1
EuH9,19:27:25,73241.7900,1
EuH9,19:27:33,74006.6600,1
EuH9,19:27:33,79292.8500,3
EuH9,19:27:33,74763.8100,1
EuH9,19:27:33,71744.0000,10
EuH9,19:27:33,74773.7100,3
EuH9,19:27:33,78562.6400,3
EuH9,19:27:33,73274.7700,2
EuH9,19:27:33,77049.7800,3
EuH9,19:27:33,71763.9500,46
EuH9,19:27:34,79313.8500,4
EuH9,19:27:38,74032.1400,3
EuH9,19:27:38,77809.2900,1
EuH9,19:28:17,78534.5600,3
EuH9,19:28:23,72482.8800,1
EuH9,19:28:30,75508.0000,1
EuH9,19:28:30,75509.0000,3
EuH9,19:28:30,74757.8700,1
EuH9,19:28:30,78534.5600,5
EuH9,19:28:31,72486.7200,3
EuH9,19:28:51,74773.7100,1
EuH9,19:28:55,71740.2000,3
EuH9,19:29:10,77765.0000,1
EuH9,19:29:10,71725.0000,1
EuH9,19:29:39,79279.2000,1
EuH9,19:29:56,76259.0400,1
EuH9,19:30:05,77769.1200,3
EuH9,19:30:05,77011.0200,1
EuH9,19:30:05,74745.9900,2
EuH9,19:30:05,75498.0000,2
EuH9,19:30:05,72481.9200,2
EuH9,19:30:08,73993.9200,1
EuH9,19:30:36,75511.0000,1
EuH9,19:31:40,79275.0000,3
EuH9,19:31:41,74745.0000,2
EuH9,19:31:41,78520.0000,6
EuH9,19:31:45,73227.2400,3
EuH9,19:31:51,76238.8400,10
EuH9,19:32:06,77745.4300,2
EuH9,19:32:06,74725.2000,3
EuH9,19:32:09,76988.5800,5
EuH9,19:32:16,73971.3800,8
EuH9,19:32:21,76229.7500,1
EuH9,19:32:21,73209.7800,1
EuH9,19:32:21,75477.0000,1
EuH9,19:32:26,76228.7400,8
EuH9,19:33:03,74731.1400,3
EuH9,19:33:03,76996.7400,2
EuH9,19:33:04,79248.7500,5
EuH9,19:33:13,75480.0000,1
EuH9,19:33:13,78500.2400,4
EuH9,19:33:13,75483.0000,3
EuH9,19:33:13,78502.3200,2
EuH9,19:33:21,78497.1200,2
EuH9,19:33:24,73211.7200,10
EuH9,19:33:52,74727.1800,2
EuH9,19:33:52,73222.3900,3
EuH9,19:34:08,74741.0400,2
EuH9,19:34:42,79258.2000,1
EuH9,19:34:52,77005.9200,3
EuH9,19:34:53,72485.7600,1
EuH9,19:34:53,71731.6500,3
EuH9,19:34:53,77018.1600,3
EuH9,19:34:53,79283.4000,3
EuH9,19:35:04,74733.1200,3
EuH9,19:35:21,73222.3900,3
EuH9,19:35:21,74730.1500,4
EuH9,19:35:21,75484.0000,1
EuH9,19:35:52,77006.9400,2
EuH9,19:36:51,78510.6400,1
EuH9,19:37:05,77745.4300,1
EuH9,19:37:05,72460.8000,2
EuH9,19:37:05,75479.0000,4
EuH9,19:37:25,71699.3500,5
EuH9,19:37:27,76230.7600,1
EuH9,19:37:38,75478.0000,2
EuH9,19:37:48,71697.4500,1
EuH9,19:37:59,74711.3400,10
EuH9,19:38:00,76222.6800,1
EuH9,19:38:27,79241.4000,10
EuH9,19:38:32,73200.0800,1
EuH9,19:38:40,78485.6800,7
EuH9,19:39:38,71686.0500,1
EuH9,19:39:38,74703.4200,8
EuH9,19:39:38,76967.1600,2
EuH9,19:39:38,73947.8600,3
EuH9,19:39:38,79229.8500,1
EuH9,19:39:38,71684.1500,1
EuH9,19:39:38,77719.6800,1
EuH9,19:40:00,78469.0400,1
EuH9,19:40:12,76204.5000,1
EuH9,19:40:12,77713.5000,1
EuH9,19:40:12,76959.0000,1
EuH9,19:40:12,73186.5000,2
EuH9,19:40:18,73186.5000,8
EuH9,19:40:18,77710.4100,2
EuH9,19:40:22,71681.3000,1
EuH9,19:40:27,71674.6500,2
EuH9,19:41:02,73198.1400,1
EuH9,19:41:29,73945.9000,10
EuH9,19:42:23,76964.1000,2
EuH9,19:42:43,75449.0000,1
EuH9,19:42:50,74696.4900,3
EuH9,19:43:01,77731.0100,1
EuH9,19:43:59,72430.0800,10
EuH9,19:43:59,73183.5900,13
EuH9,19:43:59,75447.0000,7
EuH9,19:43:59,78464.8800,3
EuH9,19:43:59,75445.0000,2
EuH9,19:43:59,73935.1200,3
EuH9,19:43:59,76949.8200,1
EuH9,19:43:59,72423.3600,8
EuH9,19:43:59,79216.2000,3
EuH9,19:43:59,77704.2300,2
EuH9,19:43:59,77698.0500,1
EuH9,19:43:59,73171.9500,1
EuH9,19:43:59,73180.6800,1
EuH9,19:44:00,72415.6800,1
EuH9,19:44:00,77694.9600,1
EuH9,19:44:00,75431.0000,1
EuH9,19:44:00,74675.7000,10
EuH9,19:44:00,73921.4000,1
EuH9,19:44:00,73167.1000,3
EuH9,19:44:00,75426.0000,8
EuH9,19:44:12,74682.6300,1
EuH9,19:44:19,72423.3600,1
EuH9,19:44:28,76950.8400,1
EuH9,19:44:32,73935.1200,3
EuH9,19:44:32,71670.8500,1
EuH9,19:44:32,72425.2800,1
EuH9,19:44:33,75443.0000,1
EuH9,19:44:47,74688.5700,1
EuH9,19:45:00,79218.3000,1
EuH9,19:45:01,78460.7200,2
EuH9,19:45:01,77706.2900,1
EuH9,19:45:07,72427.2000,1
EuH9,19:45:13,75446.0000,1
EuH9,19:45:13,77709.3800,1
EuH9,19:45:18,73181.6500,1
EuH9,19:45:29,75448.0000,1
EuH9,19:45:30,72427.2000,6
EuH9,19:45:33,76946.7600,1
EuH9,19:45:36,76196.4200,1
EuH9,19:45:36,71666.1000,29
EuH9,19:45:42,78454.4800,1
EuH9,19:45:47,74681.6400,1
EuH9,19:45:53,76944.7200,1
EuH9,19:46:04,73166.1300,3
EuH9,19:46:04,73919.4400,1
EuH9,19:46:04,76182.2800,2
EuH9,19:46:04,79199.4000,30
EuH9,19:46:04,73163.2200,8
EuH9,19:46:04,71653.7500,1
EuH9,19:46:04,73162.2500,3
EuH9,19:46:04,73916.5000,2
EuH9,19:46:04,73161.2800,1
EuH9,19:46:04,76932.4800,3
EuH9,19:46:04,79193.1000,5
EuH9,19:46:04,71650.9000,3
EuH9,19:46:05,74667.7800,2
EuH9,19:46:05,75421.0000,1
EuH9,19:46:05,73156.4300,2
EuH9,19:46:05,73911.6000,1
EuH9,19:46:14,79185.7500,1
EuH9,19:46:14,76169.1500,10
EuH9,19:46:14,78431.6000,20
EuH9,19:46:24,76925.3400,1
EuH9,19:46:24,76167.1300,1
EuH9,19:46:27,74666.7900,11
EuH9,19:46:27,71649.9500,14
EuH9,19:46:50,75421.0000,10
EuH9,19:46:59,76931.4600,2
EuH9,19:46:59,77684.6600,4
EuH9,19:46:59,74666.7900,34
EuH9,19:48:21,72405.1200,10
EuH9,19:49:12,77685.6900,3
EuH9,19:49:12,71651.8500,1
EuH9,19:49:14,74667.7800,5
EuH9,19:49:45,73914.5400,8
EuH9,19:49:45,79194.1500,2
EuH9,19:49:45,76176.2200,1
EuH9,19:49:45,79193.1000,1
EuH9,19:49:45,71650.9000,1
EuH9,19:49:45,79196.2500,3
EuH9,19:49:45,75425.0000,4
EuH9,19:49:45,73159.3400,4
EuH9,19:49:45,75422.0000,3
EuH9,19:49:45,72407.0400,3
EuH9,19:49:45,79194.1500,3
EuH9,19:49:45,77689.8100,3
EuH9,19:49:45,74672.7300,3
EuH9,19:49:52,76930.4400,10
EuH9,19:49:52,78438.8800,10
EuH9,19:49:52,79193.1000,10
EuH9,19:49:52,76176.2200,6
EuH9,19:49:59,76178.2400,1
EuH9,19:50:01,72408.0000,1
EuH9,19:50:08,74680.6500,4
EuH9,19:50:09,74680.6500,4
EuH9,19:50:09,73171.9500,2
EuH9,19:50:14,71667.0500,1
EuH9,19:50:14,75440.0000,1
EuH9,19:50:19,73170.9800,1
EuH9,19:50:30,72417.6000,3
EuH9,19:50:51,74674.7100,2
EuH9,19:50:51,73920.4200,1
EuH9,19:50:51,75429.0000,1
EuH9,19:50:51,76189.3500,7
EuH9,19:50:51,71666.1000,5
EuH9,19:51:11,76935.5400,2
EuH9,19:51:13,74670.7500,6
EuH9,19:51:13,78443.0400,5
EuH9,19:51:13,79199.4000,3
EuH9,19:51:13,74673.7200,3
EuH9,19:51:13,76182.2800,3
EuH9,19:51:13,73917.4800,5
EuH9,19:51:15,73162.2500,3
EuH9,19:51:15,74670.7500,1
EuH9,19:51:15,79196.2500,2
EuH9,19:51:15,73163.2200,5
EuH9,19:51:16,78444.0800,6
EuH9,19:51:23,79198.3500,5
EuH9,19:51:24,72409.9200,5
EuH9,19:51:25,79196.2500,3
EuH9,19:51:32,76930.4400,40
EuH9,19:51:32,73159.3400,5
EuH9,19:51:32,76930.4400,5
EuH9,19:51:33,74667.7800,4
EuH9,19:51:34,73907.6800,4
EuH9,19:51:35,76924.3200,10
EuH9,19:51:35,76170.1600,6
EuH9,19:51:52,71647.1000,5
EuH9,19:51:52,73155.4600,5
EuH9,19:52:10,76175.2100,5
EuH9,19:52:10,76929.4200,2
EuH9,19:52:19,73153.5200,2
EuH9,19:52:19,75415.0000,1
EuH9,19:52:19,71642.3500,3
EuH9,19:52:19,73902.7800,5
EuH9,19:52:19,75411.0000,5
EuH9,19:52:19,77672.3000,1
EuH9,19:52:19,75410.0000,1
EuH9,19:52:19,74655.9000,3
EuH9,19:52:19,76166.1200,6
EuH9,19:52:19,79183.6500,3
EuH9,19:52:19,74658.8700,2
EuH9,19:52:19,73901.8000,7
EuH9,19:52:19,73147.7000,4
EuH9,19:52:19,73901.8000,1
EuH9,19:52:19,75410.0000,5
EuH9,19:52:19,77671.2700,3
EuH9,19:52:19,76167.1300,2
EuH9,19:52:19,73155.4600,2
EuH9,19:52:20,76919.2200,2
EuH9,19:52:20,74656.8900,5
EuH9,19:52:20,74657.8800,6
EuH9,19:52:20,76921.2600,6
EuH9,19:52:20,71638.5500,3
EuH9,19:52:20,75406.0000,3
EuH9,19:52:20,76160.0600,7
EuH9,19:52:20,71635.7000,3
EuH9,19:52:20,78421.2000,1
EuH9,19:52:20,75405.0000,6
EuH9,19:52:20,71634.7500,4
EuH9,19:52:20,72388.8000,2
EuH9,19:52:20,73894.9400,3
EuH9,19:52:20,73140.9100,1
EuH9,19:52:20,72386.8800,2
EuH9,19:52:20,73893.9600,1
EuH9,19:52:20,76156.0200,12
EuH9,19:52:20,75402.0000,7
EuH9,19:52:20,73893.9600,2
EuH9,19:52:20,77663.0300,1
EuH9,19:52:20,75401.0000,2
EuH9,19:52:20,73138.9700,1
EuH9,19:52:20,75401.0000,4
EuH9,19:52:20,79171.0500,1
EuH9,19:52:20,72384.0000,9
EuH9,19:52:20,71635.7000,6
EuH9,19:52:20,76160.0600,3
EuH9,19:52:20,79176.3000,2
EuH9,19:52:20,79176.3000,3
EuH9,19:52:20,72389.7600,2
EuH9,19:52:21,78416.0000,16
EuH9,19:52:21,72384.0000,2
EuH9,19:52:21,71630.0000,1
EuH9,19:52:21,78416.0000,1
EuH9,19:52:21,79170.0000,25
EuH9,19:52:21,76154.0000,10
EuH9,19:52:21,78416.0000,1
EuH9,19:52:21,77662.0000,1
EuH9,19:52:21,72384.0000,1
EuH9,19:52:21,77662.0000,1
EuH9,19:52:21,73133.1500,1
EuH9,19:52:21,76901.8800,1
EuH9,19:52:21,75391.0000,10
EuH9,19:52:21,78405.6000,3
EuH9,19:52:21,73879.2600,3
EuH9,19:52:21,76894.7400,6
EuH9,19:52:21,74633.1300,3
EuH9,19:52:21,71617.6500,10
EuH9,19:52:21,77648.6100,10
EuH9,19:52:21,76139.8600,1
EuH9,19:52:21,78400.4000,1
EuH9,19:52:21,75389.0000,3
EuH9,19:52:21,72373.4400,3
EuH9,19:52:21,74638.0800,2
EuH9,19:52:22,76900.8600,1
EuH9,19:52:22,78411.8400,3
EuH9,19:52:22,73892.9800,3
EuH9,19:52:22,76911.0600,3
EuH9,19:52:22,76911.0600,2
EuH9,19:52:22,72384.9600,1
EuH9,19:52:30,79168.9500,4
EuH9,19:52:35,76155.0100,4
EuH9,19:52:35,72384.9600,4
EuH9,19:52:35,73138.9700,9
EuH9,19:52:35,76909.0200,13
EuH9,19:52:39,71630.0000,5
EuH9,19:53:09,74646.0000,1
EuH9,19:53:16,78412.8800,1
EuH9,19:53:17,76154.0000,1
EuH9,19:53:27,72380.1600,1
EuH9,19:53:39,75396.0000,1
EuH9,19:53:43,74644.0200,3
EuH9,19:53:44,71626.2000,9
EuH9,19:53:44,72380.1600,1
EuH9,19:53:47,73885.1400,2
EuH9,19:53:48,72376.3200,2
EuH9,19:53:49,72374.4000,2
EuH9,19:53:49,78405.6000,1
EuH9,19:53:50,77649.6400,1
EuH9,19:53:50,76895.7600,1
EuH9,19:53:53,75396.0000,1
EuH9,19:53:57,74646.0000,3
EuH9,19:54:03,74646.9900,3
EuH9,19:54:03,76910.0400,3
EuH9,19:54:03,73139.9400,3
EuH9,19:54:03,79173.1500,3
EuH9,19:54:03,77666.1200,3
EuH9,19:54:03,76915.1400,3
EuH9,19:54:03,75408.0000,10
EuH9,19:54:03,72392.6400,2
EuH9,19:54:12,76142.8900,1
EuH9,19:54:14,73126.3600,1
EuH9,19:54:15,75387.0000,40
EuH9,19:54:15,75387.0000,5
EuH9,19:54:16,79159.5000,2
EuH9,19:54:16,76898.8200,3
EuH9,19:54:16,76898.8200,3
EuH9,19:54:16,73129.2700,3
EuH9,19:54:17,77649.6400,4
EuH9,19:54:17,75388.0000,2
EuH9,19:54:20,79159.5000,3
EuH9,19:54:29,79159.5000,2
EuH9,19:54:29,73128.3000,1
EuH9,19:54:29,73125.3900,1
EuH9,19:54:29,76140.8700,20
EuH9,19:54:30,73882.2000,1
EuH9,19:54:30,71611.0000,8
EuH9,19:54:30,76133.8000,2
EuH9,19:54:30,77641.4000,1
EuH9,19:54:30,75376.0000,1
EuH9,19:54:30,73868.4800,3
EuH9,19:54:30,74622.2400,7
EuH9,19:54:30,76131.7800,3
EuH9,19:54:30,76884.5400,1
EuH9,19:54:30,74621.2500,1
EuH9,19:54:30,76128.7500,1
EuH9,19:54:30,76128.7500,10
EuH9,19:54:30,73868.4800,6
EuH9,19:54:30,74616.3000,2
EuH9,19:54:30,73107.9300,1
EuH9,19:54:34,77629.0400,4
EuH9,19:54:34,76120.6700,3
EuH9,19:54:34,78381.6800,2
EuH9,19:54:34,73105.9900,2
EuH9,19:54:52,76123.7000,10
EuH9,19:54:54,76123.7000,132
EuH9,19:54:54,76123.7000,36
EuH9,19:54:54,76123.7000,1
EuH9,19:54:55,72355.2000,4
EuH9,19:54:56,76877.4000,61
EuH9,19:54:56,78384.8000,6
EuH9,19:54:56,71601.5000,42
EuH9,19:54:56,76123.7000,9
EuH9,19:54:56,76123.7000,3
EuH9,19:54:57,72355.2000,2
EuH9,19:54:57,73862.6000,3
EuH9,19:54:58,71601.5000,10
EuH9,19:54:58,76123.7000,10
EuH9,19:54:58,78384.8000,6
EuH9,19:54:58,79138.5000,4
EuH9,19:54:58,75370.0000,11
EuH9,19:54:58,75370.0000,6
EuH9,19:54:58,73108.9000,45
EuH9,19:54:58,75370.0000,1
EuH9,19:54:58,71601.5000,6
EuH9,19:54:58,79138.5000,6
EuH9,19:54:58,74616.3000,1
EuH9,19:54:58,76123.7000,1
EuH9,19:54:58,79138.5000,1
EuH9,19:54:58,71601.5000,2
EuH9,19:54:58,72355.2000,3
EuH9,19:54:58,74616.3000,3
EuH9,19:54:58,73108.9000,3
EuH9,19:54:58,76877.4000,1
EuH9,19:54:58,79138.5000,3
EuH9,19:54:58,75370.0000,3
EuH9,19:54:58,73108.9000,3
EuH9,19:54:58,79138.5000,1
EuH9,19:54:59,77628.0100,1
EuH9,19:55:03,71598.6500,9
EuH9,19:55:03,79135.3500,1
EuH9,19:55:03,76120.6700,1
EuH9,19:55:04,79133.2500,1
EuH9,19:55:04,73856.7200,10
EuH9,19:55:07,75363.0000,2
EuH9,19:55:07,73104.0500,1
EuH9,19:55:08,71591.0500,6
EuH9,19:55:11,72344.6400,3
EuH9,19:55:11,74608.3800,3
EuH9,19:55:11,73103.0800,1
EuH9,19:55:15,72340.8000,1
EuH9,19:55:15,71587.2500,1
EuH9,19:55:15,72340.8000,1
EuH9,19:55:15,78367.1200,2
EuH9,19:55:15,78366.0800,1
EuH9,19:55:15,76105.5200,4
EuH9,19:55:15,72336.0000,1
EuH9,19:55:15,74596.5000,10
EuH9,19:55:15,77610.5000,1
EuH9,19:55:15,74596.5000,1
EuH9,19:55:15,79117.5000,1
EuH9,19:55:15,77613.5900,1
EuH9,19:55:17,76098.4500,1
EuH9,19:55:19,76100.4700,3
EuH9,19:55:19,79115.4000,3
EuH9,19:55:30,71582.5000,1
EuH9,19:55:35,75353.0000,1
EuH9,19:55:37,79117.5000,1
EuH9,19:55:42,79131.1500,1
EuH9,19:55:52,78370.2400,1
EuH9,19:55:52,74602.4400,1
EuH9,19:55:52,73095.3200,1
EuH9,19:55:54,76106.5300,1
EuH9,19:56:54,79137.4500,1
EuH9,19:56:54,76876.3800,4
EuH9,19:56:55,74616.3000,19
EuH9,19:56:55,76877.4000,1
EuH9,19:56:55,79138.5000,5
EuH9,19:56:58,72355.2000,10
EuH9,19:56:59,72355.2000,20
EuH9,19:57:04,74616.3000,1
EuH9,19:57:07,72355.2000,1
EuH9,19:57:15,71601.5000,1
EuH9,19:57:18,74611.3500,10
EuH9,19:57:18,77622.8600,10
EuH9,19:57:20,78377.5200,4
EuH9,19:57:20,78378.5600,3
EuH9,19:57:20,75366.0000,1
EuH9,19:57:20,77629.0400,1
EuH9,19:57:20,76121.6800,1
EuH9,19:57:36,77619.7700,3
EuH9,19:57:36,72343.6800,1
EuH9,19:57:36,77618.7400,1
EuH9,19:57:52,76864.1400,1
EuH9,19:58:06,73106.9600,3
EuH9,19:58:06,77630.0700,1
EuH9,19:58:06,74615.3100,10
EuH9,19:58:06,72355.2000,6
EuH9,19:58:06,75368.0000,3
EuH9,19:58:06,73108.9000,1
EuH9,19:58:41,77620.8000,5
EuH9,19:58:41,76113.6000,1
EuH9,19:58:54,75365.0000,1
EuH9,19:59:23,74615.3100,1
EuH9,19:59:23,73861.6200,1
EuH9,19:59:24,71597.7000,2
EuH9,19:59:38,73107.9300,1
EuH9,19:59:39,76129.7600,1
EuH9,19:59:41,75371.0000,1
EuH9,20:00:00,79138.5000,1
EuH9,20:00:00,79126.9500,1
EuH9,20:00:01,76110.5700,1
EuH9,20:00:03,74613.3300,1
EuH9,20:00:05,71594.8500,1
EuH9,20:00:08,76863.1200,1
EuH9,20:00:21,78376.4800,3
EuH9,20:00:21,72348.4800,4
EuH9,20:00:21,79132.2000,2
EuH9,20:00:21,79132.2000,1
EuH9,20:00:22,76109.5600,1
EuH9,20:00:22,77616.6800,2
EuH9,20:00:27,77617.7100,3
EuH9,20:01:12,77620.8000,1
EuH9,20:02:48,75360.0000,7
EuH9,20:02:52,71587.2500,10
EuH9,20:02:52,74601.4500,10
EuH9,20:02:52,79122.7500,1
EuH9,20:02:52,74599.4700,1
EuH9,20:02:52,78367.1200,1
EuH9,20:02:52,76860.0600,10
EuH9,20:02:52,76858.0200,5
EuH9,20:02:52,74596.5000,2
EuH9,20:02:52,74596.5000,1
EuH9,20:02:54,71576.8000,4
EuH9,20:02:54,75341.0000,10
EuH9,20:02:54,78353.6000,40
EuH9,20:02:55,72326.4000,10
EuH9,20:02:55,79107.0000,4
EuH9,20:02:55,76844.7600,3
EuH9,20:02:55,76841.7000,1
EuH9,20:02:55,72321.6000,1
EuH9,20:02:55,73828.3000,1
EuH9,20:02:55,73826.3400,9
EuH9,20:02:55,78345.2800,71
EuH9,20:03:05,79112.2500,5
EuH9,20:03:05,73085.6200,1
EuH9,20:03:49,72332.1600,1
EuH9,20:03:49,73089.5000,1
EuH9,20:03:53,72337.9200,1
EuH9,20:03:53,72338.8800,1
EuH9,20:04:09,79117.5000,1
EuH9,20:04:24,74596.5000,1
EuH9,20:04:27,79121.7000,1
EuH9,20:04:32,78366.0800,1
EuH9,20:04:42,76855.9800,1
EuH9,20:04:55,74598.4800,1
EuH9,20:05:27,76103.5000,1
EuH9,20:05:28,72329.2800,1
EuH9,20:05:29,79108.0500,2
EuH9,20:05:29,76847.8200,3
EuH9,20:05:29,71573.0000,1
EuH9,20:05:33,78354.6400,3
EuH9,20:05:35,73073.0100,2
EuH9,20:05:35,74579.6700,1
EuH9,20:05:35,75332.0000,2
EuH9,20:05:35,76845.7800,1
EuH9,20:06:16,75348.0000,1
EuH9,20:06:21,73081.7400,1
EuH9,20:06:21,73835.1600,1
EuH9,20:06:47,79112.2500,1
EuH9,20:06:49,71568.2500,1
EuH9,20:06:50,78354.6400,3
EuH9,20:06:50,74588.5800,3
EuH9,20:06:50,79110.1500,2
EuH9,20:06:50,75343.0000,2
EuH9,20:07:17,75350.0000,1
EuH9,20:07:21,76095.4200,3
EuH9,20:07:21,73834.1800,1
EuH9,20:07:24,76100.4700,1
EuH9,20:07:26,73840.0600,1
EuH9,20:08:13,78364.0000,1
EuH9,20:08:55,72340.8000,3
EuH9,20:08:55,71590.1000,1
EuH9,20:08:58,72344.6400,1
EuH9,20:08:58,73098.2300,3
EuH9,20:08:58,75359.0000,3
EuH9,20:08:58,76868.2200,4
EuH9,20:08:59,74608.3800,3
EuH9,20:08:59,79130.1000,10
EuH9,20:08:59,72347.5200,1
EuH9,20:09:14,73089.5000,15
EuH9,20:09:14,76857.0000,22
EuH9,20:09:14,72336.0000,63
EuH9,20:09:15,77608.4400,21
EuH9,20:09:15,76101.4800,17
EuH9,20:09:15,78361.9200,62
EuH9,20:09:15,71582.5000,3
EuH9,20:09:15,75352.0000,10
EuH9,20:09:15,74598.4800,2
EuH9,20:09:15,72338.8800,1
EuH9,20:09:15,78368.1600,10
EuH9,20:09:15,71587.2500,3
EuH9,20:09:15,74601.4500,3
EuH9,20:09:15,78369.2000,30
EuH9,20:09:15,78369.2000,7
EuH9,20:09:15,76862.1000,6
EuH9,20:09:15,73847.9000,3
EuH9,20:09:15,76862.1000,14
EuH9,20:09:15,77615.6500,3
EuH9,20:09:15,73094.3500,5
EuH9,20:09:15,76850.8800,72
EuH9,20:09:16,71583.4500,1
EuH9,20:09:17,73837.1200,10
EuH9,20:09:41,79112.2500,3
EuH9,20:09:41,76850.8800,7
EuH9,20:09:42,79111.2000,10
EuH9,20:09:42,74592.5400,10
EuH9,20:09:42,76852.9200,10
EuH9,20:09:49,78361.9200,10
EuH9,20:09:49,72336.0000,10
EuH9,20:09:59,76859.0400,1
EuH9,20:10:40,78372.3200,5
EuH9,20:10:43,79123.8000,1
EuH9,20:10:43,73095.3200,4
EuH9,20:10:43,73094.3500,5
EuH9,20:10:50,76108.5500,11
EuH9,20:10:59,79122.7500,1
EuH9,20:11:04,72345.6000,20
EuH9,20:11:06,76111.5800,10
EuH9,20:11:06,73850.8400,10
EuH9,20:11:06,75359.0000,1
EuH9,20:11:06,76866.1800,3
EuH9,20:11:21,79129.0500,3
EuH9,20:11:28,72351.3600,10
EuH9,20:11:31,74611.3500,1
EuH9,20:11:33,73099.2000,5
EuH9,20:11:33,79128.0000,15
EuH9,20:11:33,73097.2600,5
EuH9,20:11:34,72342.7200,5
EuH9,20:11:34,79124.8500,5
EuH9,20:11:36,74605.4100,2
EuH9,20:11:36,72344.6400,3
EuH9,20:11:40,73847.9000,1
EuH9,20:11:40,76108.5500,1
EuH9,20:11:40,77615.6500,12
EuH9,20:11:40,76862.1000,2
EuH9,20:11:40,76863.1200,5
EuH9,20:11:43,75355.0000,67
EuH9,20:12:12,77624.9200,10
EuH9,20:12:12,73096.2900,1
EuH9,20:12:25,72341.7600,5
EuH9,20:12:25,78370.2400,5
EuH9,20:12:28,74601.4500,15
EuH9,20:12:29,74602.4400,5
EuH9,20:12:37,76107.5400,1
EuH9,20:12:37,76107.5400,1
EuH9,20:12:52,73843.0000,1
EuH9,20:13:10,79115.4000,3
EuH9,20:13:10,75348.0000,2
EuH9,20:13:33,72340.8000,1
EuH9,20:13:40,75344.0000,1
EuH9,20:13:40,72329.2800,15
EuH9,20:14:01,78356.7200,40
EuH9,20:14:01,77603.2900,5
EuH9,20:14:01,72329.2800,10
EuH9,20:14:01,77603.2900,10
EuH9,20:14:17,79117.5000,3
EuH9,20:14:26,76099.4600,2
EuH9,20:14:27,78362.9600,1
EuH9,20:14:27,76102.4900,3
EuH9,20:14:27,74595.5100,3
EuH9,20:14:27,77609.4700,3
EuH9,20:14:28,72335.0400,6
EuH9,20:14:41,73083.6800,5
EuH9,20:14:41,79111.2000,2
EuH9,20:14:43,72329.2800,20
EuH9,20:14:43,73835.1600,5
EuH9,20:14:43,76095.4200,2
EuH9,20:14:43,74588.5800,3
EuH9,20:14:43,76848.8400,87
EuH9,20:14:43,72328.3200,3
EuH9,20:14:43,77602.2600,10
EuH9,20:15:04,76844.7600,1
EuH9,20:15:04,74584.6200,27
EuH9,20:15:04,75338.0000,3
EuH9,20:15:04,77598.1400,7
EuH9,20:15:04,76844.7600,40
EuH9,20:15:04,77598.1400,10
EuH9,20:15:04,74584.6200,3
EuH9,20:15:04,72324.4800,5
EuH9,20:15:04,75338.0000,4
EuH9,20:15:05,76836.6000,1
EuH9,20:15:35,75335.0000,1
EuH9,20:15:37,73828.3000,2
EuH9,20:15:41,76083.3000,5
EuH9,20:15:47,71561.6000,1
EuH9,20:15:48,73819.4800,1
EuH9,20:15:48,73066.2200,1
EuH9,20:15:50,73065.2500,1
EuH9,20:15:50,72310.0800,32
EuH9,20:15:53,76078.2500,5
EuH9,20:15:53,73818.5000,13
EuH9,20:15:54,74568.7800,1
EuH9,20:15:54,73060.4000,9
EuH9,20:16:03,77579.6000,1
EuH9,20:16:03,75320.0000,18
EuH9,20:16:03,78332.8000,2
EuH9,20:16:03,76073.2000,10
EuH9,20:16:04,73813.6000,4
EuH9,20:16:08,71556.8500,2
EuH9,20:16:17,79087.0500,4
EuH9,20:16:17,76073.2000,6
EuH9,20:16:17,77579.6000,4
EuH9,20:16:17,75320.0000,6
EuH9,20:16:38,74566.8000,1
EuH9,20:16:47,76068.1500,1
EuH9,20:16:48,74561.8500,1
EuH9,20:16:53,76822.3200,1
EuH9,20:17:02,73817.5200,3
EuH9,20:17:02,71557.8000,2
EuH9,20:17:03,78336.9600,3
EuH9,20:17:03,76078.2500,2
EuH9,20:17:06,78329.6800,5
EuH9,20:17:06,73058.4600,2
EuH9,20:17:12,79080.7500,10
EuH9,20:17:26,76820.2800,5
EuH9,20:17:26,76067.1400,4
EuH9,20:17:26,75315.0000,2
EuH9,20:17:36,73806.7400,5
EuH9,20:17:36,75313.0000,1
EuH9,20:17:36,76819.2600,1
EuH9,20:17:36,73055.5500,2
EuH9,20:17:36,79083.9000,12
EuH9,20:17:38,76826.4000,1
EuH9,20:17:40,75320.0000,1
EuH9,20:17:43,78325.5200,5
EuH9,20:17:43,79078.6500,1
EuH9,20:17:43,79078.6500,1
EuH9,20:17:43,73806.7400,4
EuH9,20:17:43,73808.7000,2
EuH9,20:17:46,77572.3900,1
EuH9,20:17:46,71547.3500,2
EuH9,20:17:46,76819.2600,2
EuH9,20:17:46,77572.3900,1
EuH9,20:17:46,78325.5200,3
EuH9,20:17:51,73813.6000,1
EuH9,20:17:51,76821.3000,1
EuH9,20:17:51,76068.1500,1
EuH9,20:17:51,74561.8500,2
EuH9,20:17:51,73054.5800,1
EuH9,20:18:01,73052.6400,1
EuH9,20:18:01,71549.2500,3
EuH9,20:18:01,76821.3000,3
EuH9,20:18:01,77574.4500,3
EuH9,20:18:01,75313.0000,3
EuH9,20:18:01,75312.0000,2
EuH9,20:18:02,75315.0000,1
EuH9,20:18:15,77569.3000,1
EuH9,20:18:21,74560.8600,5
EuH9,20:18:21,78326.5600,5
EuH9,20:18:24,76822.3200,2
EuH9,20:18:27,76823.3400,5
EuH9,20:18:48,75319.0000,1
EuH9,20:18:48,77578.5700,3
EuH9,20:18:48,78331.7600,4
EuH9,20:19:13,73803.8000,10
EuH9,20:19:15,75310.0000,5
EuH9,20:19:15,71544.5000,10
EuH9,20:19:15,79074.4500,1
EuH9,20:19:40,76058.0500,1
EuH9,20:19:40,77564.1500,1
EuH9,20:19:40,71537.8500,12
EuH9,20:19:40,73043.9100,2
EuH9,20:19:40,74552.9400,1
EuH9,20:19:43,76055.0200,1
EuH9,20:19:43,76055.0200,4
EuH9,20:19:43,77561.0600,1
EuH9,20:19:44,74550.9600,1
EuH9,20:19:44,72288.0000,1
EuH9,20:19:44,73041.0000,2
EuH9,20:19:44,78312.0000,2
EuH9,20:19:44,78312.0000,6
EuH9,20:19:44,73041.0000,2
EuH9,20:19:44,74547.0000,10
EuH9,20:19:44,76806.0000,3
EuH9,20:19:44,73041.0000,1
EuH9,20:19:44,76053.0000,1
EuH9,20:19:44,78312.0000,10
EuH9,20:19:44,77559.0000,7
EuH9,20:19:45,77557.9700,1
EuH9,20:19:46,78312.0000,1
EuH9,20:19:51,79065.0000,2
EuH9,20:19:56,79065.0000,1
EuH9,20:19:56,74547.9900,3
EuH9,20:19:56,73794.0000,2
EuH9,20:20:00,73048.7600,1
EuH9,20:20:36,75312.0000,1
EuH9,20:20:36,71546.4000,1
EuH9,20:20:44,71546.4000,4
EuH9,20:20:44,79077.6000,3
EuH9,20:20:44,78325.5200,12
EuH9,20:20:44,73053.6100,7
EuH9,20:21:08,76812.1200,5
EuH9,20:21:18,75301.0000,1
EuH9,20:21:18,75300.0000,5
EuH9,20:21:18,77559.0000,10
EuH9,20:22:02,76072.1900,3
EuH9,20:22:47,71552.1000,1
EuH9,20:22:59,77578.5700,4
EuH9,20:22:59,79084.9500,1
EuH9,20:23:03,74557.8900,3
EuH9,20:23:03,77569.3000,4
EuH9,20:23:03,74556.9000,2
EuH9,20:23:03,73048.7600,2
EuH9,20:23:03,79073.4000,1
EuH9,20:23:03,71541.6500,1
EuH9,20:23:03,73802.8200,1
EuH9,20:23:21,76809.0600,4
EuH9,20:23:22,79067.1000,5
EuH9,20:23:22,72291.8400,1
EuH9,20:23:22,77563.1200,3
EuH9,20:23:22,73797.9200,3
EuH9,20:23:22,73797.9200,3
EuH9,20:23:22,75304.0000,2
EuH9,20:23:22,72294.7200,3
EuH9,20:23:22,74554.9200,3
EuH9,20:23:22,74555.9100,10
EuH9,20:23:22,79075.5000,3
EuH9,20:23:22,75310.0000,10
EuH9,20:23:22,74558.8800,10
EuH9,20:23:22,73807.7200,10
EuH9,20:23:22,79080.7500,3
EuH9,20:23:22,74562.8400,1
EuH9,20:23:22,76069.1600,10
EuH9,20:23:22,77577.5400,1
EuH9,20:23:22,75318.0000,3
EuH9,20:23:22,72305.2800,10
EuH9,20:23:22,79086.0000,10
EuH9,20:23:22,75320.0000,500
EuH9,20:23:22,79086.0000,200
EuH9,20:23:22,71554.9500,3
EuH9,20:23:22,73064.2800,25
EuH9,20:23:22,78336.9600,168
EuH9,20:23:22,72289.9200,3
EuH9,20:23:22,74553.9300,3
EuH9,20:23:23,72296.6400,1
EuH9,20:23:27,76059.0600,10
EuH9,20:23:27,72290.8800,3
EuH9,20:23:27,78312.0000,1
EuH9,20:23:30,77560.0300,4
EuH9,20:23:30,75302.0000,1
EuH9,20:23:44,76054.0100,2
EuH9,20:23:44,78313.0400,2
EuH9,20:23:44,78313.0400,1
EuH9,20:23:44,76054.0100,1
EuH9,20:23:55,73800.8600,3
EuH9,20:23:59,74547.0000,1
EuH9,20:24:30,71545.4500,1
EuH9,20:24:48,72293.7600,3
EuH9,20:24:48,75305.0000,1
EuH9,20:24:49,71539.7500,3
EuH9,20:24:49,73045.8500,2
EuH9,20:24:49,79070.2500,3
EuH9,20:24:58,78312.0000,1
EuH9,20:25:01,78312.0000,4
EuH9,20:25:08,77561.0600,4
EuH9,20:25:15,72289.9200,3
EuH9,20:25:16,76808.0400,1
EuH9,20:25:16,73041.9700,1
EuH9,20:25:16,77560.0300,2
EuH9,20:25:18,79062.9000,3
EuH9,20:25:37,74549.9700,1
EuH9,20:25:39,73045.8500,1
EuH9,20:25:43,73792.0400,5
EuH9,20:25:43,75298.0000,1
EuH9,20:25:48,72288.0000,2
EuH9,20:25:51,73038.0900,4
EuH9,20:25:52,76055.0200,2
EuH9,20:26:02,76066.1300,3
EuH9,20:26:16,76060.0700,3
EuH9,20:26:16,72294.7200,4
EuH9,20:26:16,75312.0000,3
EuH9,20:26:16,78328.6400,3
EuH9,20:26:19,76069.1600,1
EuH9,20:26:42,73818.5000,4
EuH9,20:26:42,75325.0000,1
EuH9,20:26:46,77597.1100,1
EuH9,20:26:46,72324.4800,1
EuH9,20:26:46,79104.9000,1
EuH9,20:26:49,73077.8600,2
EuH9,20:26:49,75341.0000,8
EuH9,20:27:00,75340.0000,2
EuH9,20:27:00,73833.2000,2
EuH9,20:27:08,79109.1000,50
EuH9,20:27:22,78358.8000,4
EuH9,20:27:22,78358.8000,6
EuH9,20:27:26,73089.5000,5
EuH9,20:27:26,72336.0000,5
EuH9,20:27:27,78361.9200,1
EuH9,20:28:03,76091.3800,3
EuH9,20:28:03,71571.1000,2
EuH9,20:28:05,73831.2400,5
EuH9,20:28:14,75346.0000,4
EuH9,20:28:14,77607.4100,1
EuH9,20:28:23,79108.0500,3
EuH9,20:28:23,73079.8000,5
EuH9,20:28:23,75340.0000,1
EuH9,20:28:23,79107.0000,4
EuH9,20:28:31,73087.5600,1
EuH9,20:28:36,72324.4800,14
EuH9,20:28:36,74584.6200,62
EuH9,20:28:37,77598.1400,3
EuH9,20:28:37,77598.1400,7
EuH9,20:28:37,78351.5200,14
EuH9,20:28:37,73075.9200,1
EuH9,20:28:53,76089.3600,4
EuH9,20:28:55,78356.7200,3
EuH9,20:28:55,72329.2800,3
EuH9,20:28:55,74589.5700,3
EuH9,20:28:55,71575.8500,6
EuH9,20:28:55,79111.2000,3
EuH9,20:28:55,73083.6800,4
EuH9,20:28:55,74592.5400,4
EuH9,20:28:55,76100.4700,3
EuH9,20:28:55,76103.5000,1
EuH9,20:29:09,74577.6900,4
EuH9,20:29:09,76836.6000,5
EuH9,20:29:14,71560.6500,1
EuH9,20:29:14,73819.4800,3
EuH9,20:29:14,78339.0400,6
EuH9,20:29:15,74573.7300,3
EuH9,20:29:15,79093.3500,5
EuH9,20:29:15,76080.2700,2
EuH9,20:29:15,74573.7300,3
EuH9,20:29:21,72312.0000,34
EuH9,20:29:21,77582.6900,3
EuH9,20:29:21,75320.0000,2
EuH9,20:29:21,76826.4000,3
EuH9,20:29:23,73817.5200,3
EuH9,20:29:23,74570.7600,3
EuH9,20:29:23,73817.5200,3
EuH9,20:29:23,78336.9600,2
EuH9,20:29:40,76842.7200,2
EuH9,20:29:59,74578.6800,10
EuH9,20:29:59,73070.1000,10
EuH9,20:29:59,76836.6000,1
EuH9,20:29:59,77589.9000,3
EuH9,20:29:59,76081.2800,3
EuH9,20:29:59,79094.4000,2
EuH9,20:30:04,73067.1900,1
EuH9,20:30:04,76826.4000,1
EuH9,20:30:07,73062.3400,5
EuH9,20:30:10,74565.8100,10
EuH9,20:30:10,75320.0000,5
EuH9,20:30:10,79084.9500,11
EuH9,20:30:10,73812.6200,3
EuH9,20:30:10,78331.7600,4
EuH9,20:30:10,74565.8100,6
EuH9,20:30:10,78331.7600,7
EuH9,20:30:10,77578.5700,7
EuH9,20:30:10,75319.0000,12
EuH9,20:30:10,75317.0000,3
EuH9,20:30:10,77576.5100,3
EuH9,20:30:10,73810.6600,1
EuH9,20:30:10,76817.2200,1
EuH9,20:30:10,74557.8900,8
EuH9,20:30:10,79076.5500,1
EuH9,20:30:10,76811.1000,3
EuH9,20:30:10,73797.9200,2
EuH9,20:30:10,77562.0900,2
EuH9,20:30:10,73043.9100,1
EuH9,20:30:10,75303.0000,2
EuH9,20:30:10,73043.9100,3
EuH9,20:30:11,76053.0000,3
EuH9,20:30:11,74551.9500,3
EuH9,20:30:12,73049.7300,3
EuH9,20:30:12,78324.4800,3
EuH9,20:30:14,73054.5800,3
EuH9,20:30:19,71546.4000,1
EuH9,20:30:35,73056.5200,5
EuH9,20:30:41,77564.1500,1
EuH9,20:30:43,73048.7600,5
EuH9,20:30:43,78319.2800,1
EuH9,20:30:46,72293.7600,10
EuH9,20:30:46,74552.9400,5
EuH9,20:30:49,79071.3000,1
EuH9,20:30:52,76810.0800,4
EuH9,20:30:53,79069.2000,6
EuH9,20:30:56,72292.8000,3
EuH9,20:30:56,73044.8800,3
EuH9,20:30:56,78320.3200,3
EuH9,20:30:56,72294.7200,2
EuH9,20:30:56,73800.8600,1
EuH9,20:30:56,73800.8600,3
EuH9,20:31:09,73795.9600,10
EuH9,20:31:18,73789.1000,1
EuH9,20:31:18,71530.2500,7
EuH9,20:31:54,73036.1500,2
EuH9,20:31:59,76810.0800,1
EuH9,20:32:11,76054.0100,1
EuH9,20:32:13,72288.0000,1
EuH9,20:32:13,71535.9500,4
EuH9,20:32:29,73801.8400,3
EuH9,20:32:39,72290.8800,2
EuH9,20:32:39,73796.9400,1
EuH9,20:32:39,75302.0000,1
EuH9,20:32:39,75302.0000,1
EuH9,20:32:39,77561.0600,1
EuH9,20:32:39,73795.9600,1
EuH9,20:32:41,73798.9000,1
EuH9,20:32:41,79070.2500,1
EuH9,20:32:44,71539.7500,1
EuH9,20:32:44,78312.0000,1
EuH9,20:32:44,75300.0000,1
EuH9,20:32:45,73794.0000,1
EuH9,20:32:45,78312.0000,1
EuH9,20:32:50,78312.0000,5
EuH9,20:32:55,79069.2000,3
EuH9,20:32:55,75306.0000,4
EuH9,20:32:55,74552.9400,4
EuH9,20:33:21,74562.8400,5
EuH9,20:33:47,76056.0300,10
EuH9,20:34:00,79075.5000,5
EuH9,20:34:01,79075.5000,5
EuH9,20:34:02,74557.8900,4
EuH9,20:34:02,73050.7000,6
EuH9,20:34:46,78331.7600,1
EuH9,20:35:02,79091.2500,1
EuH9,20:35:07,73818.5000,2
EuH9,20:35:07,74571.7500,2
EuH9,20:35:28,76086.3300,5
EuH9,20:35:28,77594.0200,2
EuH9,20:35:28,75334.0000,3
EuH9,20:35:43,76843.7400,5
EuH9,20:35:43,76094.4100,3
EuH9,20:35:43,79108.0500,3
EuH9,20:35:43,74587.5900,1
EuH9,20:35:43,72327.3600,5
EuH9,20:35:44,72329.2800,2
EuH9,20:36:05,72325.4400,2
EuH9,20:36:37,74605.4100,3
EuH9,20:36:37,76867.2000,3
EuH9,20:36:37,73099.2000,4
EuH9,20:36:37,78376.4800,3
EuH9,20:36:37,78378.5600,7
EuH9,20:36:37,75360.0000,1
EuH9,20:36:38,79129.0500,3
EuH9,20:37:10,71573.0000,3
EuH9,20:37:12,77596.0800,4
EuH9,20:37:12,77596.0800,4
EuH9,20:37:12,78348.4000,3
EuH9,20:37:12,76088.3500,3
EuH9,20:37:12,76087.3400,6
EuH9,20:37:12,72318.7200,3
EuH9,20:37:12,73825.3600,10
EuH9,20:37:12,74576.7000,10
EuH9,20:37:12,73069.1300,3
EuH9,20:37:12,74574.7200,10
EuH9,20:37:12,71559.7000,1
EuH9,20:37:12,74572.7400,10
EuH9,20:37:12,78339.0400,3
EuH9,20:37:12,73818.5000,14
EuH9,20:37:12,74570.7600,10
EuH9,20:37:12,76828.4400,3
EuH9,20:37:12,73815.5600,3
EuH9,20:37:12,79088.1000,3
EuH9,20:37:12,76826.4000,50
EuH9,20:37:12,77571.3600,47
EuH9,20:37:24,72322.5600,3
EuH9,20:37:30,75327.0000,1
EuH9,20:37:34,73822.4200,3
EuH9,20:37:34,77589.9000,3
EuH9,20:37:34,74576.7000,4
EuH9,20:37:51,78321.3600,1
EuH9,20:37:53,78314.0800,4
EuH9,20:37:53,79066.0500,1
EuH9,20:37:53,75301.0000,7
EuH9,20:37:53,74547.9900,1
EuH9,20:37:53,76053.0000,5
EuH9,20:37:53,74546.0100,1
EuH9,20:37:54,76800.9000,1
EuH9,20:37:54,76046.9400,1
EuH9,20:38:19,73808.7000,3
EuH9,20:38:19,76823.3400,4
EuH9,20:38:19,75317.0000,3
EuH9,20:38:28,76068.1500,1
EuH9,20:38:58,79091.2500,10
EuH9,20:39:07,72312.9600,1
EuH9,20:39:08,72310.0800,3
EuH9,20:39:40,75317.0000,1
EuH9,20:39:44,74561.8500,1
EuH9,20:39:57,79073.4000,1
EuH9,20:40:29,75307.0000,3
EuH9,20:40:36,76806.0000,1
EuH9,20:40:46,71528.3500,6
EuH9,20:40:47,79054.5000,10
EuH9,20:40:47,78301.6000,1
EuH9,20:40:47,73030.3300,7
EuH9,20:40:47,73783.2200,3
EuH9,20:40:48,74535.1200,1
EuH9,20:40:48,71523.6000,1
EuH9,20:40:50,73029.3600,1
EuH9,20:40:51,73779.3000,1
EuH9,20:40:51,71520.7500,1
EuH9,20:40:51,79049.2500,1
EuH9,20:40:52,73777.3400,1
EuH9,20:40:52,73021.6000,10
EuH9,20:40:52,72268.8000,10
EuH9,20:40:53,76030.7800,1
EuH9,20:40:54,75276.0000,1
EuH9,20:40:54,71511.2500,1
EuH9,20:40:54,73016.7500,8
EuH9,20:40:58,72264.0000,2
EuH9,20:40:58,76026.7400,1
EuH9,20:40:58,73011.9000,1
EuH9,20:40:58,78280.8000,4
EuH9,20:40:58,73764.6000,1
EuH9,20:40:58,73011.9000,5
EuH9,20:40:58,75270.0000,2
EuH9,20:40:58,77528.1000,1
EuH9,20:40:58,79033.5000,2
EuH9,20:40:58,77528.1000,1
EuH9,20:40:58,76773.3600,2
EuH9,20:40:59,76021.6900,3
EuH9,20:40:59,79030.3500,3
EuH9,20:40:59,71503.6500,2
EuH9,20:40:59,73761.6600,4
EuH9,20:40:59,79030.3500,1
EuH9,20:40:59,73761.6600,1
EuH9,20:40:59,79030.3500,4
EuH9,20:40:59,77525.0100,2
EuH9,20:40:59,73008.9900,33
EuH9,20:40:59,77525.0100,1
EuH9,20:40:59,72255.3600,1
EuH9,20:41:00,74509.3800,2
EuH9,20:41:00,79023.0000,4
EuH9,20:41:00,71496.0500,1
EuH9,20:41:02,73756.7600,1
EuH9,20:41:20,71510.3000,10
EuH9,20:41:20,72264.0000,50
EuH9,20:41:22,73028.3900,1
EuH9,20:41:25,78294.3200,2
EuH9,20:41:49,74539.0800,7
EuH9,20:43:17,78295.3600,1
EuH9,20:43:17,74531.1600,1
EuH9,20:43:17,72264.0000,1
EuH9,20:43:17,71519.8000,3
EuH9,20:43:17,76789.6800,2
EuH9,20:43:29,74517.3000,1
EuH9,20:43:31,76017.6500,1
EuH9,20:43:36,74515.3200,1
EuH9,20:43:36,78279.7600,3
EuH9,20:43:36,76022.7000,6
EuH9,20:44:56,76028.7600,1
EuH9,20:45:00,72259.2000,1
EuH9,20:45:01,79033.5000,1
EuH9,20:45:07,76775.4000,3
EuH9,20:45:23,77532.2200,1
EuH9,20:45:26,73011.9000,5
EuH9,20:45:26,79033.5000,5
EuH9,20:45:43,78286.0000,3
EuH9,20:45:43,76027.7500,1
EuH9,20:45:53,75267.0000,1
EuH9,20:46:56,79047.1500,4
EuH9,20:46:56,76035.8300,4
EuH9,20:46:56,75283.0000,17
EuH9,20:46:56,79048.2000,1
EuH9,20:46:58,76033.8100,1
EuH9,20:47:32,77545.6100,1
EuH9,20:47:35,71517.9000,7
EuH9,20:48:10,74536.1100,1
EuH9,20:48:12,75289.0000,1
EuH9,20:48:39,75290.0000,2
EuH9,20:48:43,74535.1200,1
EuH9,20:49:49,76803.9600,3
EuH9,20:49:49,73039.0600,4
EuH9,20:49:49,71533.1000,3
EuH9,20:49:53,78305.7600,3
EuH9,20:50:38,73779.3000,2
EuH9,20:50:39,73020.6300,1
EuH9,20:51:16,76035.8300,1
EuH9,20:51:24,73778.3200,3
EuH9,20:51:57,79056.6000,2
EuH9,20:52:51,79074.4500,10
EuH9,20:52:51,71544.5000,9
EuH9,20:52:51,75310.0000,10
EuH9,20:52:53,76057.0400,3
EuH9,20:53:04,72288.0000,2
EuH9,20:53:04,75298.0000,2
EuH9,20:53:07,76799.8800,4
EuH9,20:54:30,72284.1600,10
EuH9,20:54:30,76800.9000,1
EuH9,20:54:55,71530.2500,10
EuH9,20:54:55,74542.0500,69
EuH9,20:54:57,74540.0700,3
EuH9,20:55:31,75286.0000,1
EuH9,20:56:08,76031.7900,3
EuH9,20:56:11,73770.4800,1
EuH9,20:56:12,74524.2300,1
EuH9,20:56:13,77535.3100,1
EuH9,20:56:14,72261.1200,3
EuH9,20:56:14,77529.1300,7
EuH9,20:56:14,73765.5800,3
EuH9,20:56:14,78281.8400,5
EuH9,20:56:14,77529.1300,2
EuH9,20:56:14,72259.2000,11
EuH9,20:56:14,77528.1000,7
EuH9,20:56:15,76022.7000,9
EuH9,20:56:15,76775.4000,2
EuH9,20:56:15,74517.3000,4
EuH9,20:56:15,78280.8000,20
EuH9,20:56:15,72259.2000,3
EuH9,20:56:15,79030.3500,1
EuH9,20:56:15,76019.6700,1
EuH9,20:56:15,74513.3400,3
EuH9,20:56:15,74513.3400,3
EuH9,20:56:15,76771.3200,3
EuH9,20:56:15,76021.6900,3
EuH9,20:56:48,75269.0000,1
EuH9,20:56:49,76020.6800,1
EuH9,20:56:53,78277.6800,5
EuH9,20:56:53,75270.0000,1
EuH9,20:56:53,73011.9000,7
EuH9,20:56:53,73011.9000,7
EuH9,20:57:11,77520.8900,1
EuH9,20:57:14,73757.7400,2
EuH9,20:57:14,74510.3700,4
EuH9,20:57:14,78271.4400,1
EuH9,20:57:14,76766.2200,2
EuH9,20:57:17,75262.0000,3
EuH9,20:57:17,71497.9500,1
EuH9,20:57:18,73756.7600,1
EuH9,20:57:18,71497.0000,3
EuH9,20:57:18,72249.6000,2
EuH9,20:57:18,79023.0000,4
EuH9,20:57:18,76009.5700,1
EuH9,20:57:19,78267.2800,1
EuH9,20:57:19,79018.8000,1
EuH9,20:57:19,72998.3200,2
EuH9,20:57:20,71498.9000,2
EuH9,20:57:20,72246.7200,3
EuH9,20:57:24,73003.1700,3
EuH9,20:57:24,73754.8000,3
EuH9,20:57:24,74505.4200,4
EuH9,20:57:24,73755.7800,2
EuH9,20:57:35,75272.0000,3
EuH9,20:57:55,79031.4000,5
EuH9,20:57:55,78278.7200,2
EuH9,20:58:34,74518.2900,3
EuH9,20:58:34,77529.1300,7
EuH9,20:58:34,73762.6400,2
EuH9,20:58:43,76032.8000,2
EuH9,20:59:08,76785.6000,2
EuH9,20:59:11,72269.7600,12
EuH9,20:59:14,72274.5600,1
EuH9,20:59:14,76791.7200,1
EuH9,20:59:17,78297.4400,1
EuH9,20:59:17,72274.5600,1
EuH9,20:59:21,73780.2800,2
EuH9,20:59:23,79050.3000,1
EuH9,20:59:57,75268.0000,1
EuH9,21:00:09,73763.6200,2
EuH9,21:00:09,73764.6000,2
EuH9,21:00:11,76767.2400,10
EuH9,21:00:19,77518.8300,1
EuH9,21:00:27,74503.4400,1
EuH9,21:00:27,74503.4400,6
EuH9,21:00:27,75256.0000,1
EuH9,21:00:27,72997.3500,5
EuH9,21:00:33,72249.6000,5
EuH9,21:00:34,74507.4000,6
EuH9,21:00:37,74508.3900,4
EuH9,21:00:37,74508.3900,4
EuH9,21:00:37,76766.2200,2
EuH9,21:00:37,75260.0000,4
EuH9,21:00:37,75258.0000,3
EuH9,21:00:51,73756.7600,2
EuH9,21:00:54,71496.0500,2
EuH9,21:01:01,76007.5500,5
EuH9,21:01:01,78265.2000,1
EuH9,21:01:02,74502.4500,5
EuH9,21:01:10,72993.4700,8
EuH9,21:01:10,73745.9800,2
EuH9,21:01:10,71494.1500,2
EuH9,21:01:10,79019.8500,3
EuH9,21:01:10,72999.2900,3
EuH9,21:01:10,72246.7200,3
EuH9,21:01:22,75256.0000,4
EuH9,21:01:52,71488.4500,1
EuH9,21:01:52,78260.0000,1
EuH9,21:01:52,74497.5000,1
EuH9,21:01:52,78260.0000,7
EuH9,21:01:52,72240.0000,18
EuH9,21:01:52,72240.0000,1
EuH9,21:01:52,72992.5000,1
EuH9,21:01:52,75250.0000,1
EuH9,21:01:52,74497.5000,19
EuH9,21:01:52,77507.5000,10
EuH9,21:01:52,75250.0000,5
EuH9,21:01:52,72240.0000,20
EuH9,21:01:52,78260.0000,10
EuH9,21:01:54,79012.5000,36
EuH9,21:01:55,71486.5500,1
EuH9,21:01:55,72991.5300,1
EuH9,21:01:55,72239.0400,3
EuH9,21:01:55,75248.0000,1
EuH9,21:01:55,71485.6000,9
EuH9,21:01:55,73744.0200,3
EuH9,21:01:55,75249.0000,3
EuH9,21:02:12,79017.7500,50
EuH9,21:02:12,73000.2600,3
EuH9,21:02:18,75255.0000,3
EuH9,21:02:18,72997.3500,7
EuH9,21:02:24,73746.9600,1
EuH9,21:02:36,71492.2500,2
EuH9,21:02:36,73747.9400,3
EuH9,21:02:36,76002.5000,1
EuH9,21:02:36,72992.5000,3
EuH9,21:02:36,76752.9600,11
EuH9,21:02:36,76000.4800,10
EuH9,21:02:36,75998.4600,1
EuH9,21:02:36,79008.3000,3
EuH9,21:02:36,72986.6800,10
EuH9,21:02:36,74490.5700,3
EuH9,21:02:36,76746.8400,10
EuH9,21:02:36,73735.2000,3
EuH9,21:02:37,77507.5000,2
EuH9,21:02:38,73002.2000,1
EuH9,21:02:40,76766.2200,1
EuH9,21:02:44,77517.8000,3
EuH9,21:03:16,78258.9600,3
EuH9,21:03:30,75997.4500,5
EuH9,21:03:30,76753.9800,1
EuH9,21:03:30,74491.5600,3
EuH9,21:03:30,75245.0000,5
EuH9,21:03:30,78254.8000,1
EuH9,21:03:38,72984.7400,3
EuH9,21:03:40,78249.6000,1
EuH9,21:03:44,79007.2500,5
EuH9,21:03:51,72982.8000,1
EuH9,21:03:53,75998.4600,3
EuH9,21:03:59,74494.5300,2
EuH9,21:04:14,77511.6200,1
EuH9,21:04:51,71495.1000,2
EuH9,21:04:51,75259.0000,1
EuH9,21:05:03,73006.0800,1
EuH9,21:05:38,79009.3500,1
EuH9,21:05:40,78252.7200,1
EuH9,21:05:43,75243.0000,4
EuH9,21:05:43,73737.1600,1
EuH9,21:05:44,72233.2800,8
EuH9,21:05:59,71483.7000,3
EuH9,21:06:13,74489.5800,3
EuH9,21:06:13,77499.2600,2
EuH9,21:06:16,72984.7400,1
EuH9,21:06:16,76745.8200,4
EuH9,21:06:17,73738.1400,1
EuH9,21:06:32,73740.1000,5
EuH9,21:06:32,72235.2000,1
EuH9,21:06:41,79013.5500,1
EuH9,21:06:48,78260.0000,48
EuH9,21:06:48,71487.5000,2
EuH9,21:07:00,73740.1000,1
EuH9,21:07:00,77502.3500,1
EuH9,21:07:01,72991.5300,1
EuH9,21:07:31,72239.0400,5
EuH9,21:07:31,72235.2000,1
EuH9,21:07:43,75995.4300,5
EuH9,21:07:43,72987.6500,2
EuH9,21:07:45,79006.2000,5
EuH9,21:07:48,71487.5000,1
EuH9,21:07:53,72989.5900,3
EuH9,21:08:08,73745.0000,1
EuH9,21:08:23,79028.2500,1
EuH9,21:09:10,74513.3400,1
EuH9,21:09:18,72260.1600,9
EuH9,21:09:47,76017.6500,1
EuH9,21:09:58,72248.6400,1
EuH9,21:10:28,76012.6000,3
EuH9,21:10:43,71505.5500,1
EuH9,21:10:46,73764.6000,3
EuH9,21:11:17,77530.1600,1
EuH9,21:12:01,77522.9500,5
EuH9,21:12:09,71501.7500,1
EuH9,21:12:19,73012.8700,2
EuH9,21:12:19,74518.2900,1
EuH9,21:12:19,79035.6000,6
EuH9,21:12:22,74524.2300,4
EuH9,21:12:22,76785.6000,3
EuH9,21:12:22,76032.8000,1
EuH9,21:12:22,73022.5700,10
EuH9,21:12:22,71517.9000,10
EuH9,21:12:22,73024.5100,2
EuH9,21:12:22,79040.8500,1
EuH9,21:13:21,74513.3400,5
EuH9,21:13:21,78276.6400,3
EuH9,21:13:21,76020.6800,2
EuH9,21:13:21,71497.0000,1
EuH9,21:13:32,79033.5000,12
EuH9,21:13:55,76775.4000,5
EuH9,21:14:22,76015.6300,3
EuH9,21:14:22,73004.1400,1
EuH9,21:14:22,78272.4800,4
EuH9,21:14:29,75261.0000,3
EuH9,21:14:29,73003.1700,1
EuH9,21:14:29,76767.2400,1
EuH9,21:14:39,76015.6300,5
EuH9,21:14:39,76015.6300,5
EuH9,21:14:43,75261.0000,34
EuH9,21:14:56,79026.1500,5
EuH9,21:14:56,72252.4800,5
EuH9,21:14:57,75264.0000,3
EuH9,21:14:57,71500.8000,3
EuH9,21:14:57,78275.6000,3
EuH9,21:15:41,74512.3500,9
EuH9,21:15:42,73007.0500,1
EuH9,21:15:44,78274.5600,1
EuH9,21:16:21,71502.7000,3
EuH9,21:16:21,71502.7000,3
EuH9,21:16:21,75266.0000,5
EuH9,21:16:24,76021.6900,3
EuH9,21:16:24,76021.6900,2
EuH9,21:16:28,73013.8400,1
EuH9,21:16:29,72261.1200,7
EuH9,21:16:29,76777.4400,2
EuH9,21:16:45,79029.3000,1
EuH9,21:16:47,73013.8400,2
EuH9,21:16:57,74511.3600,1
EuH9,21:16:57,78274.5600,3
EuH9,21:17:08,77523.9800,5
EuH9,21:17:08,77527.0700,3
EuH9,21:17:08,74517.3000,10
EuH9,21:17:08,79035.6000,3
EuH9,21:17:08,77530.1600,3
EuH9,21:17:08,79035.6000,3
EuH9,21:17:08,71508.4000,3
EuH9,21:17:08,78284.9600,10
EuH9,21:17:08,75275.0000,3
EuH9,21:17:08,74523.2400,10
EuH9,21:17:08,79041.9000,3
EuH9,21:17:08,72266.8800,10
EuH9,21:17:08,78289.1200,3
EuH9,21:17:08,76783.5600,6
EuH9,21:17:08,73019.6600,30
EuH9,21:17:08,71514.1000,14
EuH9,21:17:08,78289.1200,31
EuH9,21:17:08,73013.8400,3
EuH9,21:17:08,76774.3800,3
EuH9,21:17:08,73012.8700,3
EuH9,21:17:08,73763.6200,3
EuH9,21:18:01,79025.1000,1
EuH9,21:18:01,72251.5200,1
EuH9,21:18:01,71498.9000,1
EuH9,21:18:01,71498.9000,1
EuH9,21:18:01,78272.4800,1
EuH9,21:18:01,76014.6200,1
EuH9,21:18:01,74509.3800,1
EuH9,21:18:01,71498.9000,1
EuH9,21:18:01,76766.2200,7
EuH9,21:18:01,75261.0000,14
EuH9,21:18:08,73003.1700,40
EuH9,21:18:08,78271.4400,5
EuH9,21:18:08,76013.6100,12
EuH9,21:18:08,77518.8300,6
EuH9,21:18:08,73003.1700,178
EuH9,21:18:08,72250.5600,5
EuH9,21:18:08,78265.2000,3
EuH9,21:18:08,76757.0400,3
EuH9,21:18:08,71489.4000,10
EuH9,21:18:08,71487.5000,3
EuH9,21:18:08,75250.0000,5
EuH9,21:18:08,71483.7000,10
EuH9,21:18:08,77501.3200,10
EuH9,21:18:08,76746.8400,10
EuH9,21:18:08,74488.5900,1
EuH9,21:18:08,74488.5900,3
EuH9,21:18:08,72231.3600,3
EuH9,21:18:08,73736.1800,3
EuH9,21:18:08,71478.0000,10
EuH9,21:18:08,78248.5600,11
EuH9,21:18:08,79000.9500,1
EuH9,21:18:08,72980.8600,1
EuH9,21:18:08,75990.3800,10
EuH9,21:18:08,75989.3700,50
EuH9,21:18:08,77494.1100,51
EuH9,21:18:08,72225.6000,1
EuH9,21:18:08,76735.6200,23
EuH9,21:18:08,79015.6500,2
EuH9,21:18:08,73747.9400,1
EuH9,21:18:08,72992.5000,1
EuH9,21:18:08,73746.9600,2
EuH9,21:18:08,75252.0000,2
EuH9,21:18:08,73745.9800,2
EuH9,21:18:08,74498.4900,1
EuH9,21:18:08,78261.0400,4
EuH9,21:18:08,75250.0000,1
EuH9,21:18:09,77508.5300,1
EuH9,21:18:11,76762.1400,1
EuH9,21:18:25,77508.5300,1
EuH9,21:18:25,71487.5000,1
EuH9,21:19:11,71478.0000,1
EuH9,21:19:54,72228.4800,1
EuH9,21:20:37,78252.7200,3
EuH9,21:21:11,79002.0000,4
EuH9,21:21:11,73735.2000,4
EuH9,21:21:11,79000.9500,3
EuH9,21:21:48,72983.7700,4
EuH9,21:22:30,75992.4000,10
EuH9,21:22:30,78250.6400,2
EuH9,21:22:30,75241.0000,1
EuH9,21:22:30,72983.7700,3
EuH9,21:22:31,74488.5900,6
EuH9,21:22:40,78248.5600,3
EuH9,21:22:40,77496.1700,4
EuH9,21:22:40,75240.0000,1
EuH9,21:22:40,73736.1800,1
EuH9,21:22:40,76745.8200,4
EuH9,21:22:40,76747.8600,2
EuH9,21:22:40,76747.8600,3
EuH9,21:22:40,75243.0000,3
EuH9,21:22:40,75995.4300,2
EuH9,21:22:42,78253.7600,1
EuH9,21:23:48,75256.0000,3
EuH9,21:23:48,76008.5600,3
EuH9,21:23:48,78267.2800,3
EuH9,21:23:48,77515.7400,1
EuH9,21:24:04,77516.7700,10
EuH9,21:26:23,77502.3500,1
EuH9,21:26:30,77502.3500,3
EuH9,21:27:04,76762.1400,5
EuH9,21:27:04,75257.0000,7
EuH9,21:27:04,71494.1500,18
EuH9,21:27:39,75240.0000,1
EuH9,21:27:39,72981.8300,1
EuH9,21:28:38,76746.8400,3
EuH9,21:29:54,72980.8600,1
EuH9,21:30:26,72982.8000,2
EuH9,21:30:26,75991.3900,1
EuH9,21:30:38,72229.4400,5
EuH9,21:31:40,75247.0000,4
EuH9,21:31:40,79010.4000,4
EuH9,21:31:50,76749.9000,2
EuH9,21:32:35,72992.5000,1
EuH9,21:32:57,72235.2000,5
EuH9,21:33:04,75997.4500,2
EuH9,21:33:20,73737.1600,5
EuH9,21:33:21,72983.7700,2
EuH9,21:33:21,72231.3600,1
EuH9,21:33:22,78251.6800,5
EuH9,21:33:22,71480.8500,3
EuH9,21:33:22,75995.4300,3
EuH9,21:33:22,72985.7100,3
EuH9,21:33:30,76745.8200,1
EuH9,21:33:34,71478.9500,6
EuH9,21:33:34,73736.1800,4
EuH9,21:33:43,78251.6800,1
EuH9,21:33:43,77499.2600,1
EuH9,21:33:43,79004.1000,1
EuH9,21:33:43,73736.1800,1
EuH9,21:33:53,75994.4200,2
EuH9,21:33:54,73736.1800,5
EuH9,21:33:54,79003.0500,5
EuH9,21:34:00,75240.0000,1
EuH9,21:34:00,78249.6000,5
EuH9,21:34:00,75992.4000,4
EuH9,21:34:02,74487.6000,40
EuH9,21:34:02,79002.0000,5
EuH9,21:34:03,78250.6400,1
EuH9,21:34:10,79003.0500,3
EuH9,21:34:10,73736.1800,3
EuH9,21:34:10,78251.6800,3
EuH9,21:34:26,75240.0000,9
EuH9,21:34:29,74488.5900,3
EuH9,21:34:29,74488.5900,3
EuH9,21:34:34,72230.4000,6
EuH9,21:34:34,76744.8000,10
EuH9,21:34:34,72982.8000,20
EuH9,21:34:35,74487.6000,1
EuH9,21:34:35,76744.8000,2
EuH9,21:34:35,74487.6000,1
EuH9,21:34:41,72230.4000,2
EuH9,21:34:41,72982.8000,1
EuH9,21:34:41,73734.2200,1
EuH9,21:34:52,74487.6000,7
EuH9,21:34:52,72230.4000,3
EuH9,21:34:52,74487.6000,7
EuH9,21:34:52,73735.2000,3
EuH9,21:34:52,71478.0000,3
EuH9,21:34:52,71478.0000,10
EuH9,21:34:52,75992.4000,10
EuH9,21:34:52,72982.8000,10
EuH9,21:34:52,76744.8000,10
EuH9,21:34:52,71478.9500,2
EuH9,21:34:52,74488.5900,3
EuH9,21:34:52,73735.2000,5
EuH9,21:34:53,75240.0000,3
EuH9,21:34:53,73735.2000,7
EuH9,21:34:53,76744.8000,7
EuH9,21:34:53,74487.6000,27
EuH9,21:34:53,78249.6000,10
EuH9,21:34:53,75992.4000,3
EuH9,21:34:53,77497.2000,3
EuH9,21:34:53,72982.8000,20
EuH9,21:34:53,71478.0000,2
EuH9,21:35:03,75237.0000,5
EuH9,21:35:04,78244.4000,1
EuH9,21:35:04,75235.0000,3
EuH9,21:35:04,78244.4000,3
EuH9,21:35:04,72977.9500,3
EuH9,21:35:04,78244.4000,2
EuH9,21:35:04,75237.0000,3
EuH9,21:35:04,78246.4800,6
EuH9,21:35:04,71476.1000,3
EuH9,21:35:04,71476.1000,3
EuH9,21:35:08,78998.8500,4
EuH9,21:35:08,76741.7400,4
EuH9,21:35:08,75988.3600,3
EuH9,21:35:08,73730.3000,3
EuH9,21:35:16,71479.9000,1
EuH9,21:35:59,75994.4200,1
EuH9,21:36:07,78239.2000,1
EuH9,21:36:07,75230.0000,26
EuH9,21:36:07,72220.8000,2
EuH9,21:36:07,72220.8000,40
EuH9,21:36:07,78239.2000,5
EuH9,21:36:07,71468.5000,1
EuH9,21:36:07,75230.0000,26
EuH9,21:36:07,74477.7000,6
EuH9,21:36:07,76733.5800,1
EuH9,21:36:07,75229.0000,1
EuH9,21:36:07,76733.5800,1
EuH9,21:36:08,71467.5500,2
EuH9,21:36:09,73725.4000,1
EuH9,21:36:19,78235.0400,1
EuH9,21:36:20,73721.4800,3
EuH9,21:36:20,72216.9600,4
EuH9,21:36:20,77482.7800,3
EuH9,21:36:20,75978.2600,3
EuH9,21:36:20,77482.7800,2
EuH9,21:36:21,71464.7000,10
EuH9,21:36:33,75224.0000,10
EuH9,21:36:34,75976.2400,1
EuH9,21:36:52,75226.0000,10
EuH9,21:36:52,75978.2600,10
EuH9,21:36:52,72216.9600,10
EuH9,21:37:00,75977.2500,1
EuH9,21:37:00,74471.7600,3
EuH9,21:37:00,72967.2800,5
EuH9,21:37:05,71466.6000,1
EuH9,21:37:07,72971.1600,1
EuH9,21:37:09,74473.7400,5
EuH9,21:37:09,72969.2200,10
EuH9,21:37:09,74473.7400,5
EuH9,21:37:09,74473.7400,10
EuH9,21:37:10,78235.0400,10
EuH9,21:37:11,78237.1200,3
EuH9,21:37:11,78237.1200,3
EuH9,21:37:11,72218.8800,3
EuH9,21:37:29,75980.2800,1
EuH9,21:37:30,72218.8800,1
EuH9,21:37:48,75228.0000,1
EuH9,21:37:48,73720.5000,1
EuH9,21:37:48,75977.2500,1
EuH9,21:37:48,73719.5200,75
EuH9,21:38:04,77482.7800,5
EuH9,21:38:04,78987.3000,5
EuH9,21:38:04,72217.9200,3
EuH9,21:38:04,72217.9200,3
EuH9,21:38:04,72217.9200,2
EuH9,21:38:08,72971.1600,3
EuH9,21:38:08,71466.6000,3
EuH9,21:38:08,71466.6000,3
EuH9,21:38:08,73724.4200,2
EuH9,21:38:10,75981.2900,6
EuH9,21:38:10,72972.1300,3
EuH9,21:38:10,71467.5500,3
EuH9,21:38:10,72972.1300,3
EuH9,21:38:10,72220.8000,10
EuH9,21:38:12,75984.3200,3
EuH9,21:38:12,73727.3600,3
EuH9,21:38:12,76736.6400,3
EuH9,21:38:13,76737.6600,3
EuH9,21:38:13,78994.6500,3
EuH9,21:38:13,76737.6600,3
EuH9,21:38:17,78996.7500,3
EuH9,21:38:19,77494.1100,5
EuH9,21:39:01,75990.3800,3
EuH9,21:39:01,78247.5200,55
EuH9,21:39:01,73733.2400,22
EuH9,21:39:01,74485.6200,14
EuH9,21:39:01,72980.8600,1
EuH9,21:39:01,73733.2400,20
EuH9,21:39:01,75238.0000,3
EuH9,21:39:02,78247.5200,26
EuH9,21:39:05,78999.9000,56
EuH9,21:39:27,76752.9600,2
EuH9,21:39:31,79008.3000,3
EuH9,21:39:43,74493.5400,1
EuH9,21:39:43,73742.0600,1
EuH9,21:39:43,74496.5100,1
EuH9,21:39:43,75249.0000,3
EuH9,21:39:44,76763.1600,3
EuH9,21:40:02,75995.4300,1
EuH9,21:40:21,74481.6600,1
EuH9,21:40:30,72976.0100,1
EuH9,21:41:18,72989.5900,1
EuH9,21:41:18,76001.4900,1
EuH9,21:41:53,75256.0000,1
EuH9,21:41:56,78261.0400,2
EuH9,21:42:13,79014.6000,5
EuH9,21:42:13,78258.9600,2
EuH9,21:42:47,73747.9400,3
EuH9,21:42:47,76760.1000,2
EuH9,21:43:00,73754.8000,7
EuH9,21:43:00,73002.2000,1
EuH9,21:43:01,78270.4000,2
EuH9,21:43:01,77526.0400,1
EuH9,21:43:01,79032.4500,1
EuH9,21:43:01,77527.0700,1
EuH9,21:43:01,72259.2000,3
EuH9,21:43:01,72262.0800,6
EuH9,21:43:23,76765.2000,1
EuH9,21:44:10,76021.6900,3
EuH9,21:44:10,72250.5600,1
EuH9,21:44:34,72250.5600,2
EuH9,21:45:32,78290.1600,1
EuH9,21:45:44,72263.0400,3
EuH9,21:45:48,73018.6900,3
EuH9,21:45:48,76030.7800,2
EuH9,21:45:51,77532.2200,10
EuH9,21:45:51,73769.5000,3
EuH9,21:45:51,72264.9600,10
EuH9,21:45:51,73772.4400,1
EuH9,21:45:51,73019.6600,4
EuH9,21:45:51,79041.9000,10
EuH9,21:45:51,73020.6300,1
EuH9,21:45:51,76032.8000,10
EuH9,21:45:51,76033.8100,3
EuH9,21:45:51,75282.0000,10
EuH9,21:45:51,72271.6800,10
EuH9,21:45:51,75284.0000,3
EuH9,21:45:51,74532.1500,3
EuH9,21:45:51,72273.6000,3
EuH9,21:45:51,71522.6500,3
EuH9,21:45:51,76042.9000,3
EuH9,21:45:51,78301.6000,13
EuH9,21:45:51,77536.3400,1
EuH9,21:46:07,73019.6600,2
EuH9,21:46:07,74525.2200,3
EuH9,21:46:34,76027.7500,1
EuH9,21:46:59,73015.7800,1
EuH9,21:46:59,71510.3000,1
EuH9,21:47:00,77533.2500,1
EuH9,21:47:00,77533.2500,3
EuH9,21:47:00,76779.4800,1
EuH9,21:47:06,79041.9000,1
EuH9,21:49:19,77538.4000,3
EuH9,21:49:31,76032.8000,3
EuH9,21:50:02,76024.7200,3
EuH9,21:50:13,76788.6600,3
EuH9,21:50:48,73009.9600,1
EuH9,21:50:59,74514.3300,3
EuH9,21:51:07,75269.0000,2
EuH9,21:51:11,78270.4000,1
EuH9,21:51:11,74506.4100,4
EuH9,21:52:01,72985.7100,10
EuH9,21:52:04,72991.5300,3
EuH9,21:52:04,71487.5000,1
EuH9,21:52:04,76755.0000,2
EuH9,21:52:14,73744.0200,1
EuH9,21:53:33,77507.5000,10
EuH9,21:54:09,76009.5700,10
EuH9,21:54:09,79020.9000,50
EuH9,21:54:09,79023.0000,3
EuH9,21:54:09,76768.2600,3
EuH9,21:54:09,79026.1500,3
EuH9,21:54:09,73757.7400,3
EuH9,21:54:09,76015.6300,3
EuH9,21:54:09,76016.6400,1
EuH9,21:54:09,76017.6500,1
EuH9,21:54:09,71502.7000,1
EuH9,21:54:09,77528.1000,22
EuH9,21:54:28,73002.2000,1
EuH9,21:54:34,76766.2200,3
EuH9,21:54:34,73003.1700,3
EuH9,21:54:34,74508.3900,3
EuH9,21:54:34,73005.1100,4
EuH9,21:54:34,73759.7000,4
EuH9,21:54:34,73010.9300,5
EuH9,21:54:34,75270.0000,10
EuH9,21:54:34,76023.7100,6
EuH9,21:54:34,73012.8700,62
EuH9,21:54:34,71499.8500,2
EuH9,21:55:27,77516.7700,3
EuH9,21:55:36,77514.7100,2
EuH9,21:56:01,75257.0000,2
EuH9,21:56:44,77516.7700,3
EuH9,21:56:44,75256.0000,3
EuH9,21:56:51,72251.5200,1
EuH9,21:56:51,72251.5200,2
EuH9,21:56:51,77519.8600,8
EuH9,21:56:51,72251.5200,20
EuH9,21:57:01,75265.0000,3
EuH9,21:57:28,71499.8500,1
EuH9,21:59:04,76024.7200,1
EuH9,21:59:13,75265.0000,9
EuH9,22:00:25,71517.9000,3
EuH9,22:00:25,72271.6800,3
EuH9,22:00:25,76789.6800,2
EuH9,22:00:26,75273.0000,1
EuH9,22:00:39,79059.7500,1
EuH9,22:00:39,73039.0600,20
EuH9,22:01:01,75299.0000,1
EuH9,22:01:12,73041.0000,9
EuH9,22:01:12,76053.0000,1
EuH9,22:01:12,73051.6700,5
EuH9,22:01:12,74558.8800,3
EuH9,22:01:12,75313.0000,1
EuH9,22:01:12,73807.7200,3
EuH9,22:01:12,73054.5800,3
EuH9,22:01:12,78326.5600,3
EuH9,22:01:12,72302.4000,3
EuH9,22:01:12,76073.2000,79
EuH9,22:01:12,72300.4800,5
EuH9,22:01:12,76067.1400,2
EuH9,22:01:12,77577.5400,43
EuH9,22:01:13,76068.1500,1
EuH9,22:01:13,73809.6800,1
EuH9,22:01:18,76067.1400,1
EuH9,22:01:18,73810.6600,3
EuH9,22:01:18,76070.1700,1
EuH9,22:01:19,73048.7600,2
EuH9,22:01:28,76821.3000,5
EuH9,22:01:37,77580.6300,1
EuH9,22:01:45,79082.8500,1
EuH9,22:01:46,73057.4900,1
EuH9,22:01:47,74563.8300,1
EuH9,22:01:54,73057.4900,1
EuH9,22:01:59,74566.8000,1
EuH9,22:02:00,75320.0000,1
EuH9,22:02:00,79080.7500,3
EuH9,22:02:00,77574.4500,2
EuH9,22:02:01,76826.4000,1
EuH9,22:02:02,78332.8000,1
EuH9,22:02:03,75320.0000,1
EuH9,22:02:04,74566.8000,1
EuH9,22:02:05,73062.3400,1
EuH9,22:02:06,73062.3400,1
EuH9,22:02:07,71555.9000,1
EuH9,22:02:08,73062.3400,1
EuH9,22:02:09,77581.6600,1
EuH9,22:02:10,77581.6600,1
EuH9,22:02:10,73062.3400,1
EuH9,22:02:11,74568.7800,1
EuH9,22:02:12,79084.9500,1
EuH9,22:02:13,72303.3600,1
EuH9,22:02:14,75316.0000,3
EuH9,22:02:14,77575.4800,1
EuH9,22:02:15,74562.8400,1
EuH9,22:02:15,76822.3200,1
EuH9,22:02:16,75316.0000,1
EuH9,22:02:17,79084.9500,1
EuH9,22:02:18,74565.8100,1
EuH9,22:02:18,71555.9000,1
EuH9,22:02:19,72309.1200,1
EuH9,22:02:20,74568.7800,1
EuH9,22:02:21,78334.8800,1
EuH9,22:02:21,77581.6600,1
EuH9,22:02:22,76825.3800,1
EuH9,22:02:23,78331.7600,1
EuH9,22:02:27,72299.5200,1
EuH9,22:02:52,74546.0100,1
EuH9,22:02:52,78310.9600,3
EuH9,22:02:52,74546.0100,4
EuH9,22:03:24,74537.1000,3
EuH9,22:03:56,74531.1600,4
EuH9,22:03:56,73026.4500,1
EuH9,22:04:07,75275.0000,3
EuH9,22:04:07,79037.7000,2
EuH9,22:04:11,73015.7800,1
EuH9,22:05:41,72252.4800,3
EuH9,22:05:41,73005.1100,3
EuH9,22:05:41,72255.3600,3
EuH9,22:05:41,79030.3500,3
EuH9,22:05:41,77525.0100,4
EuH9,22:05:41,73761.6600,3
EuH9,22:05:41,72258.2400,3
EuH9,22:05:41,72259.2000,1
EuH9,22:05:41,76022.7000,1
EuH9,22:07:36,76775.4000,5
EuH9,22:07:46,79028.2500,3
EuH9,22:08:14,76772.3400,3
EuH9,22:08:14,73763.6200,4
EuH9,22:08:14,72259.2000,3
EuH9,22:08:14,75270.0000,60
EuH9,22:08:26,77519.8600,3
EuH9,22:08:49,75255.0000,10
EuH9,22:09:26,74505.4200,3
EuH9,22:09:54,76020.6800,1
EuH9,22:10:20,76774.3800,10
EuH9,22:10:20,73764.6000,54
EuH9,22:10:51,79028.2500,3
EuH9,22:11:10,79034.5500,3
EuH9,22:11:47,72266.8800,1
EuH9,22:12:24,77526.0400,3
EuH9,22:12:33,76015.6300,2
EuH9,22:12:33,77516.7700,3
EuH9,22:12:33,75258.0000,2
EuH9,22:12:33,77513.6800,3
EuH9,22:12:33,78265.2000,2
EuH9,22:12:33,76760.1000,3
EuH9,22:12:33,76758.0600,10
EuH9,22:12:33,74499.4800,3
EuH9,22:12:33,74497.5000,1
EuH9,22:12:38,72233.2800,2
EuH9,22:12:51,78254.8000,5
EuH9,22:13:09,71483.7000,5
EuH9,22:13:09,77504.4100,3
EuH9,22:13:09,77505.4400,3
EuH9,22:13:09,77505.4400,1
EuH9,22:13:09,79010.4000,2
EuH9,22:13:14,72987.6500,1
EuH9,22:14:00,74490.5700,3
EuH9,22:14:00,75996.4400,2
EuH9,22:14:30,75995.4300,3
EuH9,22:14:30,71480.8500,2
EuH9,22:15:48,72243.8400,1
EuH9,22:16:30,76005.5300,25
EuH9,22:16:35,78266.2400,3
EuH9,22:16:35,72244.8000,4
EuH9,22:16:35,73748.9200,3
EuH9,22:16:35,75254.0000,4
EuH9,22:16:35,72243.8400,11
EuH9,22:17:20,77511.6200,10
EuH9,22:17:20,73748.9200,1
EuH9,22:17:20,74501.4600,10
EuH9,22:17:20,72996.3800,4
EuH9,22:17:31,74514.3300,1
EuH9,22:17:58,74517.3000,3
EuH9,22:17:58,73011.9000,12
EuH9,22:17:58,74517.3000,10
EuH9,22:18:00,77537.3700,10
EuH9,22:18:09,71505.5500,10
EuH9,22:18:21,73008.9900,3
EuH9,22:18:21,71504.6000,3
EuH9,22:18:21,75268.0000,4
EuH9,22:18:21,73764.6000,2
EuH9,22:18:21,72260.1600,4
EuH9,22:18:21,76776.4200,3
EuH9,22:18:21,77530.1600,1
EuH9,22:18:21,71510.3000,9
EuH9,22:18:21,71510.3000,3
EuH9,22:18:21,77533.2500,20
EuH9,22:18:21,79038.7500,4
EuH9,22:18:21,72264.0000,94
EuH9,22:18:21,71500.8000,3
EuH9,22:18:21,71494.1500,4
EuH9,22:18:21,72999.2900,4
EuH9,22:20:50,71497.0000,2
EuH9,22:21:07,79023.0000,2
EuH9,22:23:45,72258.2400,1
EuH9,22:23:45,75269.0000,1
EuH9,22:23:45,75269.0000,1
EuH9,22:24:44,73020.6300,1
EuH9,22:24:50,76006.5400,1
EuH9,22:26:58,72246.7200,3
EuH9,22:29:28,74506.4100,1
EuH9,22:29:53,74497.5000,1
EuH9,22:29:53,76002.5000,1
EuH9,22:30:05,76012.6000,1
EuH9,22:30:08,75280.0000,2
EuH9,22:30:08,73023.5400,4
EuH9,22:30:08,77541.4900,3
EuH9,22:30:08,76038.8600,10
EuH9,22:30:08,72274.5600,3
EuH9,22:30:08,79050.3000,3
EuH9,22:30:08,79050.3000,3
EuH9,22:30:08,76040.8800,3
EuH9,22:30:08,71523.6000,10
EuH9,22:30:08,78300.5600,9
EuH9,22:30:08,78293.2800,1
EuH9,22:30:17,76037.8500,4
EuH9,22:30:26,78295.3600,1
EuH9,22:30:33,74530.1700,3
EuH9,22:30:33,71518.8500,1
EuH9,22:31:35,73021.6000,4
EuH9,22:31:35,74527.2000,1
EuH9,22:31:39,77542.5200,1
EuH9,22:31:53,72271.6800,3
EuH9,22:31:53,73777.3400,1
EuH9,22:33:04,77538.4000,1
EuH9,22:33:04,76032.8000,9
EuH9,22:33:32,71516.0000,5
EuH9,22:33:32,76036.8400,5
EuH9,22:34:05,77541.4900,3
EuH9,22:34:05,71517.9000,2
EuH9,22:34:07,71523.6000,10
EuH9,22:34:07,71523.6000,2
EuH9,22:34:42,76039.8700,4
EuH9,22:34:42,77545.6100,4
EuH9,22:34:42,77544.5800,10
EuH9,22:35:24,76042.9000,2
EuH9,22:35:24,72273.6000,1
EuH9,22:36:06,73779.3000,5
EuH9,22:36:11,73781.2600,1
EuH9,22:38:34,76792.7400,2
EuH9,22:39:47,78301.6000,42
EuH9,22:39:47,76795.8000,6
EuH9,22:39:47,71525.5000,4
EuH9,22:39:47,77548.7000,7
EuH9,22:39:54,73787.1400,1
EuH9,22:39:55,79059.7500,1
EuH9,22:39:57,71523.6000,10
EuH9,22:39:58,73029.3600,1
EuH9,22:39:59,76791.7200,1
EuH9,22:40:10,71519.8000,1
EuH9,22:40:35,73022.5700,3
EuH9,22:41:11,79048.2000,1
EuH9,22:42:33,76780.5000,3
EuH9,22:43:04,78287.0400,10
EuH9,22:43:04,79039.8000,26
EuH9,22:43:04,74523.2400,14
EuH9,22:43:10,73778.3200,1
EuH9,22:43:10,78295.3600,1
EuH9,22:43:10,76789.6800,3
EuH9,22:43:10,72272.6400,1
EuH9,22:44:02,75282.0000,3
EuH9,22:44:02,76030.7800,17
EuH9,22:44:02,73019.6600,3
EuH9,22:44:02,76773.3600,112
EuH9,22:44:02,79031.4000,71
EuH9,22:44:02,73009.9600,1
EuH9,22:44:02,71504.6000,7
EuH9,22:44:02,77526.0400,9
EuH9,22:44:02,74515.3200,1
EuH9,22:44:02,73009.9600,1
EuH9,22:44:02,76773.3600,2
EuH9,22:44:02,72257.2800,15
EuH9,22:44:02,71504.6000,40
EuH9,22:44:02,78278.7200,5
EuH9,22:44:02,79031.4000,1
EuH9,22:44:02,75268.0000,2
EuH9,22:44:02,73762.6400,10
EuH9,22:44:02,72257.2800,10
EuH9,22:44:02,76773.3600,1
EuH9,22:44:02,79031.4000,1
EuH9,22:44:02,79031.4000,7
EuH9,22:44:03,71504.6000,10
EuH9,22:44:03,79031.4000,3
EuH9,22:44:17,74515.3200,73
EuH9,22:44:17,76020.6800,50
EuH9,22:44:19,75268.0000,65
EuH9,22:44:19,73009.9600,1
EuH9,22:44:20,72257.2800,1
EuH9,22:44:22,71504.6000,2
EuH9,22:44:22,71504.6000,2
EuH9,22:44:22,76773.3600,1
EuH9,22:44:29,71499.8500,44
EuH9,22:44:46,74512.3500,1
EuH9,22:44:53,76768.2600,1
EuH9,22:46:03,75276.0000,2
EuH9,22:46:28,73773.4200,3
EuH9,22:46:28,76031.7900,4
EuH9,22:46:28,76784.5800,3
EuH9,22:46:28,76784.5800,10
EuH9,22:46:28,71515.0500,3
EuH9,22:51:01,77528.1000,4
EuH9,22:54:02,79035.6000,4
EuH9,22:55:16,74520.2700,1
EuH9,22:55:36,73769.5000,25
EuH9,22:56:00,76030.7800,1
EuH9,22:58:38,77527.0700,4
EuH9,22:58:38,74516.3100,4
EuH9,22:58:38,74515.3200,12
EuH9,22:58:38,76773.3600,9
EuH9,22:59:13,73766.5600,1
EuH9,22:59:23,78274.5600,20
EuH9,22:59:23,76016.6400,10
EuH9,22:59:23,73005.1100,148
EuH9,22:59:25,76015.6300,4
EuH9,22:59:25,72252.4800,3
EuH9,22:59:45,76756.0200,10
EuH9,22:59:45,76002.5000,5
EuH9,22:59:45,72992.5000,50
EuH9,22:59:56,73742.0600,3
EuH9,22:59:56,79008.3000,3
EuH9,22:59:56,71483.7000,3
EuH9,22:59:56,74490.5700,3
EuH9,22:59:56,79002.0000,3
EuH9,22:59:56,79000.9500,10
EuH9,22:59:56,78247.5200,7
EuH9,23:00:18,72986.6800,1
EuH9,23:00:32,72240.0000,1
EuH9,23:00:33,75250.0000,2
EuH9,23:00:36,72995.4100,2
EuH9,23:02:02,78254.8000,2
EuH9,23:02:25,78264.1600,3
EuH9,23:03:20,78271.4400,1
EuH9,23:04:13,76758.0600,1
EuH9,23:04:50,72251.5200,1
EuH9,23:04:52,78272.4800,1
EuH9,23:09:08,74513.3400,5
EuH9,23:09:38,78279.7600,4
EuH9,23:09:38,72258.2400,1
EuH9,23:09:48,73766.5600,3
EuH9,23:09:48,76024.7200,3
EuH9,23:09:48,73766.5600,1
EuH9,23:09:48,77530.1600,1
EuH9,23:09:49,74517.3000,5
EuH9,23:12:48,77521.9200,3
EuH9,23:12:48,77522.9500,3
EuH9,23:13:04,79029.3000,2
EuH9,23:13:04,72255.3600,1
EuH9,23:13:04,77523.9800,1
EuH9,23:13:04,74513.3400,1
EuH9,23:13:04,78276.6400,1
EuH9,23:13:04,73760.6800,1
EuH9,23:13:19,78274.5600,5
EuH9,23:13:24,75268.0000,10
EuH9,23:13:24,76022.7000,10
EuH9,23:13:24,72259.2000,2
EuH9,23:13:24,76022.7000,2
EuH9,23:13:47,71500.8000,4
EuH9,23:13:47,76770.3000,3
EuH9,23:13:47,77526.0400,3
EuH9,23:13:47,76021.6900,10
EuH9,23:13:47,76775.4000,2
EuH9,23:14:36,74507.4000,1
EuH9,23:14:36,73002.2000,1
EuH9,23:14:40,76012.6000,1
EuH9,23:14:40,79023.0000,1
EuH9,23:14:40,77517.8000,1
EuH9,23:14:41,77517.8000,2
EuH9,23:14:41,79023.0000,3
EuH9,23:14:48,73753.8200,5
EuH9,23:14:48,76011.5900,4
EuH9,23:14:48,71496.0500,1
EuH9,23:14:48,71497.9500,1
EuH9,23:14:59,71494.1500,3
EuH9,23:14:59,75257.0000,22
EuH9,23:15:35,74514.3300,1
EuH9,23:15:35,76019.6700,3
EuH9,23:15:35,73008.9900,1
EuH9,23:15:35,75267.0000,1
EuH9,23:15:35,74514.3300,4
EuH9,23:15:39,71497.0000,9
EuH9,23:15:47,76767.2400,3
EuH9,23:15:47,73003.1700,3
EuH9,23:15:47,73002.2000,4
EuH9,23:16:20,73762.6400,2
EuH9,23:16:20,76773.3600,1
EuH9,23:16:20,76020.6800,2
EuH9,23:16:20,76773.3600,1
EuH9,23:16:24,76019.6700,3
EuH9,23:16:24,76019.6700,1
EuH9,23:16:24,74514.3300,1
EuH9,23:16:24,71503.6500,1
EuH9,23:16:28,79030.3500,1
EuH9,23:16:28,72256.3200,1
EuH9,23:16:28,73008.9900,1
EuH9,23:16:28,71503.6500,1
EuH9,23:16:28,77525.0100,1
EuH9,23:16:51,71498.9000,3
EuH9,23:16:51,74509.3800,4
EuH9,23:16:51,75260.0000,5
EuH9,23:16:55,79029.3000,1
EuH9,23:16:55,73008.0200,1
EuH9,23:16:59,76772.3400,1
EuH9,23:17:15,76765.2000,1
EuH9,23:17:20,73008.9900,1
EuH9,23:17:20,75267.0000,2
EuH9,23:17:20,74514.3300,1
EuH9,23:17:20,73008.9900,2
EuH9,23:17:23,79030.3500,3
EuH9,23:17:23,73008.9900,1
EuH9,23:17:23,77525.0100,1
EuH9,23:17:23,77525.0100,1
EuH9,23:17:23,74514.3300,1
EuH9,23:17:47,76759.0800,2
EuH9,23:17:47,76005.5300,3
EuH9,23:17:47,75250.0000,3
EuH9,23:17:47,72996.3800,2
EuH9,23:17:47,75254.0000,3
EuH9,23:17:47,73747.9400,5
EuH9,23:17:47,74500.4700,3
EuH9,23:17:47,75253.0000,2
EuH9,23:17:48,79014.6000,3
EuH9,23:17:48,78262.0800,2
EuH9,23:17:48,72241.9200,2
EuH9,23:17:48,78262.0800,1
EuH9,23:17:48,75252.0000,1
EuH9,23:17:48,74499.4800,1
EuH9,23:17:50,76760.1000,3
EuH9,23:17:50,72244.8000,2
EuH9,23:17:50,73749.9000,3
EuH9,23:17:54,72999.2900,4
EuH9,23:18:03,77516.7700,1
EuH9,23:18:03,77516.7700,1
EuH9,23:18:03,75259.0000,1
EuH9,23:18:07,72248.6400,2
EuH9,23:18:07,76764.1800,1
EuH9,23:18:21,78269.3600,2
EuH9,23:18:21,72248.6400,2
EuH9,23:18:21,75259.0000,1
EuH9,23:18:24,74504.4300,5
EuH9,23:18:24,76762.1400,18
EuH9,23:18:27,71494.1500,1
EuH9,23:18:32,72245.7600,2
EuH9,23:18:32,78266.2400,1
EuH9,23:18:32,77513.6800,1
EuH9,23:18:40,78268.3200,5
EuH9,23:20:00,79027.2000,3
EuH9,23:20:00,73758.7200,3
EuH9,23:20:00,79027.2000,4
EuH9,23:20:00,72252.4800,2
EuH9,23:20:00,77521.9200,3
EuH9,23:20:00,73758.7200,3
EuH9,23:20:00,79027.2000,1
EuH9,23:20:00,74511.3600,2
EuH9,23:20:00,72254.4000,6
EuH9,23:20:00,75266.0000,10
EuH9,23:20:00,73008.0200,3
EuH9,23:20:00,75266.0000,3
EuH9,23:20:00,73761.6600,10
EuH9,23:20:01,74515.3200,10
EuH9,23:20:01,72255.3600,5
EuH9,23:20:01,76768.2600,6
EuH9,23:20:01,73005.1100,3
EuH9,23:20:01,79026.1500,3
EuH9,23:20:01,76768.2600,3
EuH9,23:20:02,76021.6900,10
EuH9,23:20:24,73002.2000,8
EuH9,23:20:24,73002.2000,73
EuH9,23:20:26,78269.3600,2
EuH9,23:20:33,76010.5800,1
EuH9,23:20:45,78266.2400,10
EuH9,23:20:52,71487.5000,13
EuH9,23:20:53,72989.5900,1
EuH9,23:20:55,76752.9600,2
EuH9,23:21:12,75241.0000,1
EuH9,23:21:12,75240.0000,1
EuH9,23:21:56,78261.0400,3
EuH9,23:21:56,72995.4100,2
EuH9,23:22:16,72241.9200,1
EuH9,23:24:19,72995.4100,5
EuH9,23:24:19,72242.8800,19
EuH9,23:24:19,73746.9600,3
EuH9,23:24:19,72241.9200,2
EuH9,23:24:40,78256.8800,1
EuH9,23:24:43,76762.1400,1
EuH9,23:25:57,76005.5300,3
EuH9,23:26:34,78271.4400,3
EuH9,23:26:34,76767.2400,5
EuH9,23:27:58,73745.0000,1
EuH9,23:29:13,77520.8900,2
EuH9,23:29:57,79036.6500,3
EuH9,23:29:57,79036.6500,3
EuH9,23:30:00,73015.7800,7
EuH9,23:30:00,75274.0000,1
EuH9,23:30:01,74524.2300,2
EuH9,23:30:01,78293.2800,1
EuH9,23:30:02,76787.6400,1
EuH9,23:30:03,72271.6800,10
EuH9,23:30:03,77541.4900,3
EuH9,23:30:06,78295.3600,38
EuH9,23:30:17,79052.4000,3
EuH9,23:30:20,71523.6000,4
EuH9,23:30:32,73782.2400,10
EuH9,23:30:32,75287.0000,3
EuH9,23:30:32,76039.8700,3
EuH9,23:30:32,77544.5800,4
EuH9,23:30:32,75286.0000,10
EuH9,23:30:32,73778.3200,3
EuH9,23:30:32,76789.6800,10
EuH9,23:30:32,74529.1800,7
EuH9,23:30:35,78301.6000,2
EuH9,23:30:35,76795.8000,3
EuH9,23:30:37,76793.7600,3
EuH9,23:30:37,71521.7000,10
EuH9,23:30:40,78300.5600,3
EuH9,23:30:42,75287.0000,5
EuH9,23:30:42,78295.3600,3
EuH9,23:30:42,77539.4300,3
EuH9,23:30:42,72266.8800,3
EuH9,23:30:42,73772.4400,3
EuH9,23:30:42,75278.0000,3
EuH9,23:30:42,78289.1200,3
EuH9,23:30:42,74522.2500,3
EuH9,23:30:42,75274.0000,10
EuH9,23:30:42,75272.0000,3
EuH9,23:30:42,75250.0000,1
EuH9,23:30:42,71487.5000,10
EuH9,23:30:42,73028.3900,5
EuH9,23:30:42,76793.7600,5
EuH9,23:30:52,75278.0000,3
EuH9,23:30:52,79041.9000,3
EuH9,23:30:52,76030.7800,3
EuH9,23:30:52,71512.2000,2
EuH9,23:30:52,76021.6900,10
EuH9,23:30:52,74503.4400,9
EuH9,23:30:52,73750.8800,9
EuH9,23:30:52,72244.8000,9
EuH9,23:30:52,76756.0200,2
EuH9,23:30:54,74520.2700,29
EuH9,23:31:05,77547.6700,5
EuH9,23:31:05,78300.5600,2
EuH9,23:31:05,76042.9000,3
EuH9,23:31:11,74531.1600,5
EuH9,23:31:11,78292.2400,2
EuH9,23:31:11,72269.7600,3
EuH9,23:31:11,74525.2200,3
EuH9,23:31:11,76030.7800,3
EuH9,23:31:11,75278.0000,3
EuH9,23:31:11,74521.2600,10
EuH9,23:31:11,78273.5200,18
EuH9,23:31:11,75259.0000,3
EuH9,23:31:13,72272.6400,5
EuH9,23:31:13,76035.8300,5
EuH9,23:31:13,77541.4900,11
EuH9,23:31:26,75286.0000,3
EuH9,23:31:26,76791.7200,2
EuH9,23:31:26,73779.3000,3
EuH9,23:31:26,75285.0000,3
EuH9,23:31:26,76790.7000,3
EuH9,23:31:26,74532.1500,3
EuH9,23:31:26,76789.6800,33
EuH9,23:31:36,79054.5000,5
EuH9,23:31:36,74532.1500,3
EuH9,23:31:36,75285.0000,3
EuH9,23:31:36,76790.7000,3
EuH9,23:31:36,74525.2200,18
EuH9,23:31:36,72266.8800,5
EuH9,23:31:36,76778.4600,13
EuH9,23:31:36,71523.6000,5
EuH9,23:31:38,71523.6000,2
EuH9,23:31:38,73028.3900,20
EuH9,23:31:38,73028.3900,9
EuH9,23:31:42,73031.3000,3
EuH9,23:31:42,76042.9000,27
EuH9,23:31:43,76034.8200,50
EuH9,23:31:52,76801.9200,3
EuH9,23:31:52,71531.2000,1
EuH9,23:31:52,74547.0000,3
EuH9,23:31:52,73043.9100,3
EuH9,23:31:52,77564.1500,10
EuH9,23:31:52,72294.7200,30
EuH9,23:31:53,77559.0000,1
EuH9,23:31:53,77559.0000,2
EuH9,23:31:53,73043.9100,3
EuH9,23:31:53,79071.3000,3
EuH9,23:31:53,79073.4000,1
EuH9,23:31:53,71542.6000,3
EuH9,23:31:53,76815.1800,10
EuH9,23:31:53,73803.8000,3
EuH9,23:32:36,74552.9400,3
EuH9,23:32:37,74552.9400,2
EuH9,23:32:40,73040.0300,74
EuH9,23:32:43,73045.8500,3
EuH9,23:32:43,72293.7600,3
EuH9,23:32:43,71543.5500,3
EuH9,23:32:43,78322.4000,1
EuH9,23:33:04,79071.3000,3
EuH9,23:33:04,72295.6800,1
EuH9,23:33:04,73801.8400,5
EuH9,23:33:04,74555.9100,1
EuH9,23:33:04,77568.2700,2
EuH9,23:33:04,72296.6400,1
EuH9,23:33:04,76815.1800,3
EuH9,23:33:04,79074.4500,3
EuH9,23:33:04,75310.0000,4
EuH9,23:33:04,77571.3600,3
EuH9,23:33:04,78327.6000,3
EuH9,23:33:04,72304.3200,10
EuH9,23:33:04,73058.4600,18
EuH9,23:33:04,71553.0500,3
EuH9,23:33:04,73812.6200,1
EuH9,23:33:05,72296.6400,5
EuH9,23:33:05,72302.4000,4
EuH9,23:33:05,75308.0000,2
EuH9,23:33:05,77572.3900,4
EuH9,23:33:05,75309.0000,5
EuH9,23:33:05,75313.0000,1
EuH9,23:33:05,73806.7400,4
EuH9,23:33:05,71546.4000,5
EuH9,23:33:05,72300.4800,3
EuH9,23:33:05,78325.5200,3
EuH9,23:33:05,76819.2600,3
EuH9,23:33:05,79078.6500,2
EuH9,23:33:05,76067.1400,3
EuH9,23:33:05,79086.0000,6
EuH9,23:34:09,73053.6100,5
EuH9,23:34:23,72298.5600,5
EuH9,23:34:29,75306.0000,1
EuH9,23:34:55,76060.0700,5
EuH9,23:35:32,73803.8000,5
EuH9,23:36:08,74559.8700,5
EuH9,23:36:08,72305.2800,1
EuH9,23:36:08,76810.0800,1
EuH9,23:36:09,79078.6500,5
EuH9,23:36:09,76070.1700,3
EuH9,23:36:09,73058.4600,3
EuH9,23:36:09,79083.9000,3
EuH9,23:36:09,76826.4000,34
EuH9,23:36:09,77563.1200,1
EuH9,23:36:09,73797.9200,3
EuH9,23:36:09,76808.0400,3
EuH9,23:36:09,74546.0100,3
EuH9,23:37:09,73808.7000,16
EuH9,23:37:09,77574.4500,4
EuH9,23:37:09,78327.6000,3
EuH9,23:37:22,71549.2500,2
EuH9,23:37:44,74561.8500,75
EuH9,23:37:44,75315.0000,8
EuH9,23:37:44,75315.0000,20
EuH9,23:37:44,75315.0000,6
EuH9,23:37:44,75310.0000,2
EuH9,23:38:38,72307.2000,5
EuH9,23:38:39,73060.4000,5
EuH9,23:39:09,73065.2500,3
EuH9,23:39:09,74571.7500,2
EuH9,23:39:09,77584.7500,1
EuH9,23:39:09,73818.5000,1
EuH9,23:39:09,76080.2700,3
EuH9,23:39:09,73067.1900,2
EuH9,23:39:09,79093.3500,5
EuH9,23:39:10,77587.8400,3
EuH9,23:39:35,79093.3500,2
EuH9,23:39:35,72313.9200,2
EuH9,23:39:54,73072.0400,1
EuH9,23:40:14,73824.3800,5
EuH9,23:40:14,79097.5500,5
EuH9,23:40:15,76843.7400,5
EuH9,23:40:15,72323.5200,1
EuH9,23:40:15,73076.8900,1
EuH9,23:40:15,77600.2000,1
EuH9,23:40:15,79107.0000,2
EuH9,23:40:15,77601.2300,1
EuH9,23:40:20,75341.0000,5
EuH9,23:40:20,72328.3200,1
EuH9,23:40:47,76087.3400,4
EuH9,23:41:01,73071.0700,4
EuH9,23:41:42,74575.7100,3
EuH9,23:41:42,73822.4200,2
EuH9,23:41:42,76079.2600,3
EuH9,23:42:17,73055.5500,1
EuH9,23:43:37,73819.4800,7
EuH9,23:43:37,71565.4000,3
EuH9,23:43:51,73064.2800,3
EuH9,23:43:51,77583.7200,3
EuH9,23:44:46,73057.4900,3
EuH9,23:45:02,73060.4000,1
EuH9,23:45:02,74563.8300,90
EuH9,23:45:25,78329.6800,7
EuH9,23:45:29,71554.9500,1
EuH9,23:45:32,76080.2700,1
EuH9,23:46:12,72305.2800,10
EuH9,23:46:45,71549.2500,1
EuH9,23:46:57,77565.1800,10
EuH9,23:47:12,74548.9800,3
EuH9,23:47:12,79065.0000,16
EuH9,23:47:12,77559.0000,4
EuH9,23:47:12,73785.1800,1
EuH9,23:47:30,74544.0300,1
EuH9,23:47:55,77557.9700,7
EuH9,23:47:55,73793.0200,8
EuH9,23:48:35,74536.1100,1
EuH9,23:48:37,72291.8400,3
EuH9,23:48:37,75304.0000,3
EuH9,23:48:37,76057.0400,3
EuH9,23:48:37,77565.1800,2
EuH9,23:48:38,71543.5500,3
EuH9,23:48:38,78321.3600,3
EuH9,23:48:38,79074.4500,3
EuH9,23:48:38,71543.5500,6
EuH9,23:48:38,78322.4000,35
EuH9,23:48:38,76063.1000,5
EuH9,23:49:00,77571.3600,3
EuH9,23:49:00,75312.0000,3
EuH9,23:49:00,74558.8800,3
EuH9,23:49:00,72299.5200,2
EuH9,23:49:01,71545.4500,3
EuH9,23:49:01,74557.8900,3
EuH9,23:49:01,71545.4500,3
EuH9,23:49:01,73781.2600,18
EuH9,23:49:01,73039.0600,1
EuH9,23:49:01,76047.9500,1
EuH9,23:49:01,71530.2500,3
EuH9,23:49:01,72283.2000,3
EuH9,23:49:01,77553.8500,3
EuH9,23:49:01,78306.8000,2
EuH9,23:49:01,73033.2400,1
EuH9,23:49:17,72264.0000,1
EuH9,23:49:24,73001.2300,3
EuH9,23:49:24,71496.0500,3
EuH9,23:49:24,73001.2300,3
EuH9,23:49:24,73752.8400,3
EuH9,23:49:24,78267.2800,5
EuH9,23:49:24,76009.5700,2
EuH9,23:49:46,77515.7400,3
EuH9,23:49:46,75258.0000,2
EuH9,10:00:01,77551.7900,1
EuH9,10:00:01,77601.2300,4
EuH9,10:00:01,76853.9400,3
EuH9,10:00:02,76851.9000,1
EuH9,10:00:02,76808.0400,1
EuH9,10:00:03,75300.0000,1
EuH9,10:00:03,76082.2900,1
EuH9,10:00:04,76806.0000,24
EuH9,10:00:04,76810.0800,2
EuH9,10:00:04,77563.1200,3
EuH9,10:00:04,74550.9600,1
EuH9,10:00:04,76058.0500,4
EuH9,10:00:04,76058.0500,1
EuH9,10:00:04,77564.1500,2
EuH9,10:00:04,79070.2500,1
EuH9,10:00:04,79065.0000,21
EuH9,10:00:04,71535.0000,5
EuH9,10:00:06,75303.0000,10
EuH9,10:00:11,77572.3900,5
EuH9,10:00:11,77575.4800,5
EuH9,10:00:12,73767.5400,4
EuH9,10:00:12,74520.2700,7
EuH9,10:00:16,77574.4500,5
EuH9,10:00:16,75348.0000,5
EuH9,10:00:21,76091.3800,5
EuH9,10:00:21,72329.2800,5
EuH9,10:00:24,73077.8600,1
EuH9,10:00:25,73847.9000,1
EuH9,10:00:30,77604.3200,1
EuH9,10:00:32,74587.5900,1
EuH9,10:00:36,73083.6800,4
EuH9,10:00:40,73089.5000,1
EuH9,10:00:50,72338.8800,3
EuH9,10:00:50,73847.9000,4
EuH9,10:00:50,76108.5500,3
EuH9,10:00:50,76108.5500,66
EuH9,10:00:50,74601.4500,10
EuH9,10:00:50,72340.8000,14
EuH9,10:00:50,76838.6400,1
EuH9,10:00:53,72319.6800,1
EuH9,10:00:57,71585.3500,5
EuH9,10:00:57,75353.0000,2
EuH9,10:00:57,73847.9000,2
EuH9,10:00:58,73849.8600,1
EuH9,10:00:58,72342.7200,1
EuH9,10:00:58,78374.4000,10
EuH9,10:00:58,77621.8300,1
EuH9,10:00:58,79137.4500,1
EuH9,10:00:58,78384.8000,2
EuH9,10:00:59,71610.0500,1
EuH9,10:00:59,73872.4000,2
EuH9,10:00:59,76886.5800,4
EuH9,10:00:59,74626.2000,3
EuH9,10:00:59,74628.1800,3
EuH9,10:00:59,73874.3600,1
EuH9,10:00:59,75384.0000,1
EuH9,10:00:59,74636.1000,1
EuH9,10:00:59,73885.1400,1
EuH9,10:00:59,73887.1000,1
EuH9,10:00:59,75397.0000,1
EuH9,10:00:59,78414.9600,5
EuH9,10:00:59,77662.0000,2
EuH9,10:00:59,73892.0000,2
EuH9,10:00:59,72365.7600,3
EuH9,10:01:01,79157.4000,5
EuH9,10:01:01,74636.1000,1
EuH9,10:01:01,72377.2800,3
EuH9,10:01:01,75393.0000,3
EuH9,10:01:01,74646.0000,3
EuH9,10:01:01,76902.9000,6
EuH9,10:01:01,77656.8500,2
EuH9,10:01:01,78416.0000,10
EuH9,10:01:01,73892.0000,5
EuH9,10:01:01,74646.0000,3
EuH9,10:01:01,74663.8200,21
EuH9,10:01:01,76142.8900,1
EuH9,10:01:01,73880.2400,1
EuH9,10:01:01,79160.5500,1
EuH9,10:01:01,75391.0000,1
EuH9,10:01:01,74627.1900,1
EuH9,10:01:01,74628.1800,1
EuH9,10:01:01,72388.8000,3
EuH9,10:01:01,78421.2000,3
EuH9,10:01:01,77669.2100,1
EuH9,10:01:02,78399.3600,1
EuH9,10:01:02,71632.8500,1
EuH9,10:01:02,78422.2400,2
EuH9,10:01:02,71635.7000,3
EuH9,10:01:02,75408.0000,1
EuH9,10:01:02,77676.4200,25
EuH9,10:01:02,76160.0600,5
EuH9,10:01:02,73884.1600,1
EuH9,10:01:03,74654.9100,1
EuH9,10:01:03,71639.5000,3
EuH9,10:01:03,71639.5000,3
EuH9,10:01:03,76168.1400,32
EuH9,10:01:03,78407.6800,2
EuH9,10:01:03,75409.0000,2
EuH9,10:01:03,73130.2400,1
EuH9,10:01:03,72375.3600,1
EuH9,10:01:03,73125.3900,1
EuH9,10:01:04,77656.8500,5
EuH9,10:01:04,79167.9000,1
EuH9,10:01:04,79167.9000,1
EuH9,10:01:07,74627.1900,1
EuH9,10:01:07,74628.1800,1
EuH9,10:01:07,79150.0500,2
EuH9,10:01:07,73873.3800,3
EuH9,10:01:08,75391.0000,20
EuH9,10:01:08,73883.1800,13
EuH9,10:01:08,78406.6400,1
EuH9,10:01:08,77652.7300,1
EuH9,10:01:08,74637.0900,1
EuH9,10:01:09,75391.0000,30
EuH9,10:01:09,71621.4500,3
EuH9,10:01:09,78406.6400,3
EuH9,10:01:09,76898.8200,2
EuH9,10:01:09,76898.8200,1
EuH9,10:01:10,73130.2400,4
EuH9,10:01:10,78407.6800,1
EuH9,10:01:10,74643.0300,3
EuH9,10:01:10,72381.1200,3
EuH9,10:01:10,73889.0600,3
EuH9,10:01:10,73892.0000,1
EuH9,10:01:10,73892.0000,7
EuH9,10:01:10,79170.0000,2
EuH9,10:01:10,78416.0000,1
EuH9,10:01:10,79172.1000,1
EuH9,10:01:10,79172.1000,1
EuH9,10:01:11,76156.0200,1
EuH9,10:01:12,77664.0600,1
EuH9,10:01:12,71630.9500,3
EuH9,10:01:12,73138.0000,1
EuH9,10:01:13,76908.0000,1
EuH9,10:01:14,73137.0300,4
EuH9,10:01:18,76162.0800,1
EuH9,10:01:18,78423.2800,1
EuH9,10:01:18,77671.2700,1
EuH9,10:01:18,74653.9200,5
EuH9,10:01:19,72382.0800,1
EuH9,10:01:38,71620.5000,1
EuH9,10:01:40,78407.6800,3
EuH9,10:01:40,76144.9100,2
EuH9,10:01:40,73131.2100,1
EuH9,10:01:43,78414.9600,1
EuH9,10:01:43,75401.0000,3
EuH9,10:01:43,73138.9700,8
EuH9,10:01:44,76908.0000,3
EuH9,10:01:45,76908.0000,4
EuH9,10:01:45,74646.0000,2
EuH9,10:01:45,78416.0000,2
EuH9,10:01:45,78416.0000,3
EuH9,10:01:45,76908.0000,2
EuH9,10:01:46,72384.9600,28
EuH9,10:01:46,73892.9800,6
EuH9,10:01:46,75387.0000,1
EuH9,10:01:46,71611.9500,1
EuH9,10:01:46,73873.3800,2
EuH9,10:01:49,73126.3600,1
EuH9,10:01:49,73126.3600,3
EuH9,10:01:49,73881.2200,1
EuH9,10:01:55,74627.1900,1
EuH9,10:01:57,76886.5800,1
EuH9,10:01:57,78393.1200,1
EuH9,10:01:57,75378.0000,1
EuH9,10:01:57,79145.8500,1
EuH9,10:01:57,75376.0000,1
EuH9,10:02:12,75374.0000,1
EuH9,10:02:12,73867.5000,6
EuH9,10:02:12,73113.7500,2
EuH9,10:02:12,71607.2000,3
EuH9,10:02:12,73871.4200,1
EuH9,10:02:12,74626.2000,2
EuH9,10:02:13,72354.2400,1
EuH9,10:02:14,71599.6000,1
EuH9,10:02:23,76128.7500,3
EuH9,10:02:23,71609.1000,2
EuH9,10:02:27,71601.5000,2
EuH9,10:02:27,74616.3000,2
EuH9,10:02:27,74612.3400,1
EuH9,10:02:27,73859.6600,1
EuH9,10:02:27,77630.0700,3
EuH9,10:02:27,76877.4000,1
EuH9,10:02:27,79141.6500,1
EuH9,10:02:27,75375.0000,1
EuH9,10:02:31,73870.4400,4
EuH9,10:02:31,75379.0000,1
EuH9,10:02:44,71615.7500,1
EuH9,10:02:44,72360.9600,5
EuH9,10:02:45,72370.5600,1
EuH9,10:02:48,76120.6700,1
EuH9,10:02:48,72351.3600,1
EuH9,10:02:48,78379.6000,1
EuH9,10:02:48,77625.9500,1
EuH9,10:02:48,74611.3500,13
EuH9,10:02:48,73104.0500,4
EuH9,10:02:48,75366.0000,3
EuH9,10:02:48,72351.3600,47
EuH9,10:02:50,76873.3200,2
EuH9,10:02:50,75366.0000,48
EuH9,10:02:51,72351.3600,6
EuH9,10:02:51,79134.3000,27
EuH9,10:02:55,72350.4000,1
EuH9,10:02:56,76868.2200,2
EuH9,10:02:56,73853.7800,2
EuH9,10:02:56,76868.2200,1
EuH9,10:02:58,77620.8000,4
EuH9,10:02:58,73099.2000,6
EuH9,10:03:02,75355.0000,1
EuH9,10:03:02,75361.0000,1
EuH9,10:03:07,75366.0000,10
EuH9,10:03:19,72347.5200,1
EuH9,10:03:19,73102.1100,1
EuH9,10:03:28,76100.4700,1
EuH9,10:03:28,73085.6200,1
EuH9,10:03:28,79112.2500,1
EuH9,10:03:28,76098.4500,1
EuH9,10:03:28,77604.3200,1
EuH9,10:03:28,71573.0000,9
EuH9,10:03:28,71573.0000,6
EuH9,10:03:29,76091.3800,1
EuH9,10:03:31,73835.1600,1
EuH9,10:03:38,73072.0400,1
EuH9,10:03:40,76080.2700,50
EuH9,10:03:40,72312.9600,1
EuH9,10:03:41,77585.7800,9
EuH9,10:03:42,73068.1600,1
EuH9,10:03:46,73068.1600,1
EuH9,10:03:48,76081.2800,2
EuH9,10:03:54,73071.0700,1
EuH9,10:04:07,77589.9000,1
EuH9,10:04:07,71563.5000,1
EuH9,10:04:14,79098.6000,2
EuH9,10:04:14,71564.4500,1
EuH9,10:04:14,73070.1000,6
EuH9,10:04:14,75329.0000,1
EuH9,10:04:15,73078.8300,3
EuH9,10:04:16,74578.6800,1
EuH9,10:04:22,76083.3000,1
EuH9,10:04:23,76838.6400,1
EuH9,10:04:29,79096.5000,1
EuH9,10:04:38,71570.1500,3
EuH9,10:04:39,72323.5200,2
EuH9,10:04:40,72323.5200,1
EuH9,10:04:40,76843.7400,2
EuH9,10:04:40,78350.4800,2
EuH9,10:05:00,75328.0000,1
EuH9,10:05:00,75330.0000,1
EuH9,10:05:00,79096.5000,4
EuH9,10:05:00,73824.3800,1
EuH9,10:05:00,73070.1000,4
EuH9,10:05:00,72319.6800,3
EuH9,10:05:00,79099.6500,4
EuH9,10:05:00,76839.6600,4
EuH9,10:05:00,72322.5600,3
EuH9,10:05:00,74582.6400,1
EuH9,10:05:00,77597.1100,1
EuH9,10:05:00,75337.0000,1
EuH9,10:05:00,79104.9000,1
EuH9,10:05:00,79105.9500,1
EuH9,10:05:00,72326.4000,1
EuH9,10:05:00,74586.6000,3
EuH9,10:05:00,79107.0000,1
EuH9,10:05:00,73079.8000,1
EuH9,10:05:00,72327.3600,1
EuH9,10:05:00,77601.2300,1
EuH9,10:05:00,73081.7400,1
EuH9,10:05:00,73835.1600,1
EuH9,10:05:00,76096.4300,3
EuH9,10:05:00,77603.2900,1
EuH9,10:05:00,78357.7600,1
EuH9,10:05:00,71577.7500,1
EuH9,10:05:00,74592.5400,1
EuH9,10:05:00,78346.3200,1
EuH9,10:05:00,73828.3000,3
EuH9,10:05:00,71571.1000,3
EuH9,10:05:00,78351.5200,3
EuH9,10:05:00,72327.3600,3
EuH9,10:05:00,73839.0800,2
EuH9,10:05:00,73085.6200,1
EuH9,10:05:00,79114.3500,2
EuH9,10:05:00,75347.0000,1
EuH9,10:05:00,78361.9200,1
EuH9,10:05:00,76101.4800,1
EuH9,10:05:00,79116.4500,1
EuH9,10:05:00,73089.5000,11
EuH9,10:05:00,72328.3200,1
EuH9,10:05:00,77602.2600,1
EuH9,10:05:00,77603.2900,2
EuH9,10:05:00,77604.3200,3
EuH9,10:05:00,76100.4700,1
EuH9,10:05:00,76100.4700,1
EuH9,10:05:00,72336.0000,3
EuH9,10:05:00,73843.9800,10
EuH9,10:05:00,71575.8500,1
EuH9,10:05:00,78356.7200,1
EuH9,10:05:00,72323.5200,17
EuH9,10:05:01,76835.5800,1
EuH9,10:05:01,72315.8400,1
EuH9,10:05:01,79094.4000,1
EuH9,10:05:01,76834.5600,1
EuH9,10:05:01,76090.3700,3
EuH9,10:05:01,76843.7400,3
EuH9,10:05:01,76843.7400,32
EuH9,10:05:01,76843.7400,5
EuH9,10:05:01,79103.8500,14
EuH9,10:05:01,74583.6300,12
EuH9,10:05:02,71570.1500,29
EuH9,10:05:02,76092.3900,2
EuH9,10:05:02,71573.0000,5
EuH9,10:05:02,78350.4800,6
EuH9,10:05:03,74586.6000,10
EuH9,10:05:12,75345.0000,1
EuH9,10:05:12,76851.9000,1
EuH9,10:05:14,73081.7400,5
EuH9,10:05:14,71574.9000,5
EuH9,10:05:14,76847.8200,2
EuH9,10:05:15,78357.7600,3
EuH9,10:05:15,77604.3200,3
EuH9,10:05:15,79111.2000,3
EuH9,10:05:15,73840.0600,6
EuH9,10:05:15,73087.5600,10
EuH9,10:05:18,79118.5500,3
EuH9,10:05:18,73843.0000,1
EuH9,10:05:18,71582.5000,3
EuH9,10:05:18,77609.4700,3
EuH9,10:05:18,77609.4700,1
EuH9,10:05:18,73842.0200,4
EuH9,10:05:18,76854.9600,4
EuH9,10:05:18,74593.5300,3
EuH9,10:05:18,76100.4700,1
EuH9,10:05:18,73086.5900,1
EuH9,10:05:18,76099.4600,1
EuH9,10:05:18,78359.8400,4
EuH9,10:05:18,74592.5400,1
EuH9,10:05:28,78371.2800,1
EuH9,10:05:28,72334.0800,6
EuH9,10:05:28,74592.5400,10
EuH9,10:05:28,74592.5400,34
EuH9,10:05:37,73839.0800,1
EuH9,10:05:47,76852.9200,3
EuH9,10:05:47,75346.0000,1
EuH9,10:05:57,76846.8000,1
EuH9,10:05:57,78353.6000,1
EuH9,10:05:57,75340.0000,1
EuH9,10:05:57,77600.2000,1
EuH9,10:05:57,75340.0000,1
EuH9,10:05:57,76843.7400,4
EuH9,10:05:57,71570.1500,2
EuH9,10:05:57,76090.3700,2
EuH9,10:05:57,72323.5200,3
EuH9,10:05:57,79103.8500,5
EuH9,10:05:57,74583.6300,1
EuH9,10:06:11,73063.3100,1
EuH9,10:06:11,76834.5600,1
EuH9,10:06:16,76075.2200,3
EuH9,10:06:16,78332.8000,1
EuH9,10:06:16,72307.2000,1
EuH9,10:06:20,73813.6000,2
EuH9,10:06:20,73060.4000,2
EuH9,10:06:20,76072.1900,1
EuH9,10:06:20,76071.1800,1
EuH9,10:06:28,78318.2400,1
EuH9,10:06:28,71540.7000,2
EuH9,10:06:28,76810.0800,1
EuH9,10:06:28,79069.2000,3
EuH9,10:06:28,79068.1500,1
EuH9,10:06:28,74549.9700,2
EuH9,10:06:28,77562.0900,1
EuH9,10:06:28,73042.9400,3
EuH9,10:06:28,78316.1600,3
EuH9,10:06:28,78316.1600,1
EuH9,10:06:29,73055.5500,2
EuH9,10:06:29,76818.2400,4
EuH9,10:06:29,76065.1200,3
EuH9,10:06:29,78324.4800,2
EuH9,10:06:29,78324.4800,1
EuH9,10:06:32,73810.6600,6
EuH9,10:06:32,79082.8500,3
EuH9,10:06:32,78326.5600,1
EuH9,10:06:51,76055.0200,1
EuH9,10:06:51,73041.0000,1
EuH9,10:06:52,76054.0100,2
EuH9,10:06:58,72288.9600,3
EuH9,10:06:58,71535.9500,1
EuH9,10:06:58,77559.0000,1
EuH9,10:06:58,76053.0000,10
EuH9,10:06:58,75299.0000,1
EuH9,10:06:58,79063.9500,1
EuH9,10:06:58,71533.1000,3
EuH9,10:06:58,72284.1600,1
EuH9,10:06:58,76048.9600,3
EuH9,10:06:58,78307.8400,1
EuH9,10:06:58,78312.0000,2
EuH9,10:06:58,76053.0000,1
EuH9,10:06:58,76046.9400,1
EuH9,10:06:58,74541.0600,1
EuH9,10:06:58,75294.0000,3
EuH9,10:06:58,72282.2400,1
EuH9,10:06:58,71525.5000,1
EuH9,10:06:58,73030.3300,1
EuH9,10:06:58,76794.7800,1
EuH9,10:06:58,78298.4800,4
EuH9,10:06:58,72281.2800,1
EuH9,10:07:02,76791.7200,2
EuH9,10:07:05,71525.5000,1
EuH9,10:07:10,76791.7200,1
EuH9,10:07:10,79050.3000,1
EuH9,10:07:10,73029.3600,1
EuH9,10:07:10,74535.1200,1
EuH9,10:07:10,75285.0000,1
EuH9,10:07:10,78300.5600,3
EuH9,10:07:10,78300.5600,1
EuH9,10:07:10,76793.7600,3
EuH9,10:07:10,79052.4000,5
EuH9,10:07:11,79050.3000,1
EuH9,10:07:11,71521.7000,1
EuH9,10:07:13,72272.6400,70
EuH9,10:07:13,79048.2000,4
EuH9,10:07:13,74531.1600,5
EuH9,10:07:13,73025.4800,1
EuH9,10:07:13,71519.8000,8
EuH9,10:07:13,77542.5200,12
EuH9,10:07:14,77548.7000,4
EuH9,10:07:14,78302.6400,1
EuH9,10:07:14,76043.9100,4
EuH9,10:07:14,71527.4000,3
EuH9,10:07:14,73786.1600,1
EuH9,10:07:14,78303.6800,1
EuH9,10:07:19,74537.1000,1
EuH9,10:07:19,79050.3000,1
EuH9,10:07:19,76036.8400,1
EuH9,10:07:19,76789.6800,3
EuH9,10:07:19,75279.0000,3
EuH9,10:07:19,73023.5400,3
EuH9,10:07:19,73023.5400,2
EuH9,10:07:19,76029.7700,1
EuH9,10:07:19,76782.5400,5
EuH9,10:07:19,77534.2800,1
EuH9,10:07:19,78287.0400,3
EuH9,10:07:19,75275.0000,1
EuH9,10:07:19,72263.0400,1
EuH9,10:07:19,74521.2600,1
EuH9,10:07:19,79037.7000,1
EuH9,10:07:20,73008.0200,5
EuH9,10:07:20,78276.6400,1
EuH9,10:07:20,73762.6400,1
EuH9,10:07:20,74517.3000,1
EuH9,10:07:20,72259.2000,1
EuH9,10:07:21,78282.8800,1
EuH9,10:07:21,78283.9200,1
EuH9,10:07:21,74520.2700,3
EuH9,10:07:23,74525.2200,3
EuH9,10:07:23,76784.5800,4
EuH9,10:07:23,74526.2100,3
EuH9,10:07:23,79044.0000,1
EuH9,10:07:23,71516.0000,1
EuH9,10:07:23,76787.6400,3
EuH9,10:07:23,76787.6400,6
EuH9,10:07:23,73776.3600,2
EuH9,10:07:23,79046.1000,2
EuH9,10:07:30,78295.3600,4
EuH9,10:07:30,76036.8400,4
EuH9,10:07:30,72277.4400,3
EuH9,10:07:30,76042.9000,1
EuH9,10:07:30,78302.6400,1
EuH9,10:07:30,76797.8400,1
EuH9,10:07:30,79057.6500,1
EuH9,10:07:30,75293.0000,10
EuH9,10:07:30,71528.3500,1
EuH9,10:07:30,76798.8600,1
EuH9,10:07:30,79058.7000,10
EuH9,10:07:30,78306.8000,10
EuH9,10:07:30,73789.1000,2
EuH9,10:07:30,72283.2000,1
EuH9,10:07:34,76035.8300,4
EuH9,10:07:34,76034.8200,1
EuH9,10:07:37,77544.5800,1
EuH9,10:07:42,72277.4400,1
EuH9,10:07:49,76791.7200,1
EuH9,10:07:55,78294.3200,1
EuH9,10:08:12,79045.0500,1
EuH9,10:08:12,73021.6000,2
EuH9,10:08:16,76036.8400,7
EuH9,10:08:17,79048.2000,3
EuH9,10:08:18,73024.5100,4
EuH9,10:08:18,75283.0000,4
EuH9,10:08:18,75283.0000,4
EuH9,10:08:18,76035.8300,38
EuH9,10:08:18,79046.1000,3
EuH9,10:08:22,76037.8500,10
EuH9,10:08:22,71520.7500,10
EuH9,10:08:22,78296.4000,1
EuH9,10:08:22,72271.6800,2
EuH9,10:08:22,76034.8200,1
EuH9,10:08:23,73785.1800,5
EuH9,10:08:23,74534.1300,1
EuH9,10:08:35,71532.1500,3
EuH9,10:08:41,73782.2400,4
EuH9,10:08:54,71525.5000,1
EuH9,10:08:54,77549.7300,1
EuH9,10:08:55,77545.6100,3
EuH9,10:08:55,71520.7500,4
EuH9,10:08:55,79049.2500,4
EuH9,10:09:06,77553.8500,1
EuH9,10:09:06,73041.0000,2
EuH9,10:09:45,76048.9600,1
EuH9,10:09:58,71522.6500,1
EuH9,10:09:58,76039.8700,2
EuH9,10:09:58,79047.1500,1
EuH9,10:10:00,74525.2200,10
EuH9,10:10:00,79042.9500,3
EuH9,10:10:00,76032.8000,1
EuH9,10:10:00,75281.0000,1
EuH9,10:10:00,78295.3600,4
EuH9,10:10:00,75285.0000,2
EuH9,10:10:00,74533.1400,3
EuH9,10:10:00,79050.3000,1
EuH9,10:10:00,76792.7400,6
EuH9,10:10:00,76793.7600,6
EuH9,10:10:00,79046.1000,4
EuH9,10:10:00,72272.6400,4
EuH9,10:10:00,76038.8600,1
EuH9,10:10:00,77546.6400,1
EuH9,10:10:00,73027.4200,3
EuH9,10:10:00,75287.0000,6
EuH9,10:10:00,73029.3600,5
EuH9,10:10:00,77547.6700,3
EuH9,10:10:00,75289.0000,1
EuH9,10:10:00,77547.6700,4
EuH9,10:10:00,72261.1200,1
EuH9,10:10:01,73772.4400,3
EuH9,10:10:01,78289.1200,7
EuH9,10:10:02,78276.6400,4
EuH9,10:10:02,73758.7200,1
EuH9,10:10:02,75263.0000,1
EuH9,10:10:02,77525.0100,5
EuH9,10:10:09,78277.6800,1
EuH9,10:10:10,76022.7000,2
EuH9,10:10:10,74514.3300,1
EuH9,10:10:12,76775.4000,4
EuH9,10:10:12,78280.8000,44
EuH9,10:10:12,71506.5000,4
EuH9,10:10:12,77528.1000,8
EuH9,10:10:12,71506.5000,8
EuH9,10:10:39,71515.0500,3
EuH9,10:10:39,73773.4200,3
EuH9,10:10:40,76031.7900,3
EuH9,10:10:40,73773.4200,3
EuH9,10:10:44,77537.3700,1
EuH9,10:10:46,77543.5500,1
EuH9,10:10:48,71516.0000,1
EuH9,10:10:49,71516.0000,1
EuH9,10:10:49,74527.2000,7
EuH9,10:10:49,76032.8000,1
EuH9,10:11:00,73020.6300,3
EuH9,10:11:01,72268.8000,1
EuH9,10:11:01,77537.3700,3
EuH9,10:11:02,76031.7900,3
EuH9,10:11:03,76784.5800,3
EuH9,10:11:03,76031.7900,3
EuH9,10:11:03,77537.3700,3
EuH9,10:11:03,76031.7900,2
EuH9,10:11:06,76039.8700,1
EuH9,10:11:06,77548.7000,1
EuH9,10:11:06,76042.9000,1
EuH9,10:11:06,76042.9000,1
EuH9,10:11:06,75290.0000,3
EuH9,10:11:06,78293.2800,2
EuH9,10:11:06,72270.7200,3
EuH9,10:11:06,76034.8200,4
EuH9,10:11:11,77546.6400,1
EuH9,10:11:21,76798.8600,1
EuH9,10:11:26,74535.1200,3
EuH9,10:11:29,72278.4000,1
EuH9,10:11:29,73031.3000,3
EuH9,10:11:29,77548.7000,2
EuH9,10:11:29,74537.1000,2
EuH9,10:11:29,76795.8000,1
EuH9,10:11:29,75290.0000,6
EuH9,10:11:29,75290.0000,10
EuH9,10:11:30,79049.2500,10
EuH9,10:11:30,78296.4000,4
EuH9,10:11:30,76789.6800,1
EuH9,10:11:30,76037.8500,4
EuH9,10:11:31,71525.5000,19
EuH9,10:11:36,79054.5000,10
EuH9,10:11:38,71525.5000,1
EuH9,10:11:40,78301.6000,2
EuH9,10:11:40,71525.5000,40
EuH9,10:11:40,76795.8000,5
EuH9,10:11:40,78301.6000,2
EuH9,10:11:40,72278.4000,10
EuH9,10:11:40,73031.3000,6
EuH9,10:11:40,73031.3000,20
EuH9,10:11:40,73784.2000,48
EuH9,10:11:40,73784.2000,60
EuH9,10:11:40,74537.1000,2
EuH9,10:11:40,73780.2800,1
EuH9,10:11:40,78297.4400,3
EuH9,10:11:40,73027.4200,4
EuH9,10:11:43,71525.5000,1
EuH9,10:11:49,71527.4000,1
EuH9,10:11:50,76797.8400,10
EuH9,10:11:50,75292.0000,40
EuH9,10:11:52,76808.0400,1
EuH9,10:11:56,76802.9400,2
EuH9,10:11:56,78308.8800,5
EuH9,10:11:56,78308.8800,3
EuH9,10:12:11,76051.9900,4
EuH9,10:12:16,72284.1600,2
EuH9,10:12:18,79059.7500,1
EuH9,10:12:18,77547.6700,3
EuH9,10:12:18,78299.5200,1
EuH9,10:12:18,76040.8800,1
EuH9,10:12:18,76793.7600,3
EuH9,10:12:18,73029.3600,3
EuH9,10:12:18,77545.6100,3
EuH9,10:12:18,73781.2600,2
EuH9,10:12:18,73780.2800,1
EuH9,10:12:18,73780.2800,1
EuH9,10:12:18,76038.8600,6
EuH9,10:12:18,73780.2800,3
EuH9,10:12:18,75285.0000,1
EuH9,10:12:18,78290.1600,1
EuH9,10:12:21,76789.6800,1
EuH9,10:12:41,76037.8500,1
EuH9,10:12:55,73778.3200,1
EuH9,10:12:59,79049.2500,9
EuH9,10:13:00,75288.0000,1
EuH9,10:13:11,79049.2500,1
EuH9,10:13:11,71524.5500,1
EuH9,10:13:29,76044.9200,3
EuH9,10:13:30,76801.9200,1
EuH9,10:13:30,76054.0100,1
EuH9,10:13:43,72280.3200,10
EuH9,10:13:43,79055.5500,10
EuH9,10:14:15,79055.5500,1
EuH9,10:14:15,76042.9000,1
EuH9,10:14:15,78301.6000,2
EuH9,10:14:15,76795.8000,5
EuH9,10:14:15,74537.1000,2
EuH9,10:14:15,72277.4400,3
EuH9,10:14:28,79057.6500,1
EuH9,10:14:28,72281.2800,3
EuH9,10:14:28,71528.3500,1
EuH9,10:14:42,73790.0800,1
EuH9,10:14:54,78304.7200,10
EuH9,10:15:05,71533.1000,10
EuH9,10:15:05,75294.0000,1
EuH9,10:15:05,72282.2400,1
EuH9,10:15:05,73034.2100,1
EuH9,10:15:05,71526.4500,1
EuH9,10:15:05,72279.3600,4
EuH9,10:15:05,77562.0900,1
EuH9,10:15:05,77563.1200,4
EuH9,10:15:05,72292.8000,3
EuH9,10:15:05,72292.8000,2
EuH9,10:15:05,79070.2500,4
EuH9,10:15:05,74552.9400,1
EuH9,10:15:05,74553.9300,4
EuH9,10:15:05,74553.9300,1
EuH9,10:15:05,76061.0800,3
EuH9,10:15:05,71542.6000,1
EuH9,10:15:05,78320.3200,6
EuH9,10:15:05,73802.8200,1
EuH9,10:15:05,74555.9100,6
EuH9,10:15:05,77569.3000,4
EuH9,10:15:05,73050.7000,6
EuH9,10:15:05,77569.3000,2
EuH9,10:15:05,79075.5000,1
EuH9,10:15:05,75310.0000,13
EuH9,10:15:05,75305.0000,2
EuH9,10:15:05,72294.7200,4
EuH9,10:15:05,73047.7900,3
EuH9,10:15:05,79072.3500,4
EuH9,10:15:05,73802.8200,3
EuH9,10:15:05,73050.7000,3
EuH9,10:15:05,79076.5500,1
EuH9,10:15:05,79075.5000,3
EuH9,10:15:05,75311.0000,5
EuH9,10:15:05,79076.5500,1
EuH9,10:15:05,76066.1300,3
EuH9,10:15:05,78326.5600,10
EuH9,10:15:05,73808.7000,1
EuH9,10:15:05,78327.6000,4
EuH9,10:15:05,74561.8500,1
EuH9,10:15:05,73808.7000,1
EuH9,10:15:05,78328.6400,10
EuH9,10:15:05,79081.8000,1
EuH9,10:15:05,78328.6400,4
EuH9,10:15:05,79081.8000,1
EuH9,10:15:05,71543.5500,1
EuH9,10:15:05,73048.7600,1
EuH9,10:15:05,76062.0900,3
EuH9,10:15:05,74556.9000,1
EuH9,10:15:05,74556.9000,3
EuH9,10:15:05,77559.0000,1
EuH9,10:15:05,73048.7600,1
EuH9,10:15:07,76806.0000,20
EuH9,10:15:13,78312.0000,10
EuH9,10:15:15,73040.0300,1
EuH9,10:15:15,74546.0100,1
EuH9,10:15:16,79065.0000,4
EuH9,10:15:16,77559.0000,2
EuH9,10:15:16,73794.0000,2
EuH9,10:15:16,77559.0000,2
EuH9,10:15:16,76806.0000,3
EuH9,10:15:19,77559.0000,2
EuH9,10:15:19,74547.0000,1
EuH9,10:15:19,72288.0000,1
EuH9,10:15:20,79065.0000,3
EuH9,10:15:20,72293.7600,4
EuH9,10:15:21,78319.2800,1
EuH9,10:15:21,73794.9800,1
EuH9,10:15:42,74553.9300,2
EuH9,10:15:47,72295.6800,5
EuH9,10:15:52,71538.8000,10
EuH9,10:15:55,73795.9600,1
EuH9,10:16:13,79070.2500,2
EuH9,10:16:13,77564.1500,4
EuH9,10:16:13,75305.0000,4
EuH9,10:16:18,74556.9000,2
EuH9,10:16:18,75310.0000,4
EuH9,10:16:18,76816.2000,4
EuH9,10:16:21,71550.2000,1
EuH9,10:16:27,75317.0000,1
EuH9,10:16:41,76068.1500,10
EuH9,10:16:41,77573.4200,4
EuH9,10:16:41,76820.2800,10
EuH9,10:16:42,73053.6100,1
EuH9,10:16:42,73806.7400,2
EuH9,10:16:42,72300.4800,4
EuH9,10:16:42,74559.8700,4
EuH9,10:17:00,73807.7200,1
EuH9,10:17:00,79075.5000,1
EuH9,10:17:00,77570.3300,4
EuH9,10:17:00,79076.5500,4
EuH9,10:17:00,74557.8900,2
EuH9,10:17:01,73800.8600,1
EuH9,10:17:09,71535.0000,1
EuH9,10:17:09,77559.0000,4
EuH9,10:17:09,71534.0500,3
EuH9,10:17:09,73040.0300,10
EuH9,10:17:14,71540.7000,4
EuH9,10:17:14,76060.0700,2
EuH9,10:17:15,71541.6500,1
EuH9,10:17:15,75308.0000,1
EuH9,10:17:15,72296.6400,3
EuH9,10:17:16,79072.3500,2
EuH9,10:17:17,77566.2100,1
EuH9,10:17:18,78319.2800,3
EuH9,10:17:18,72295.6800,2
EuH9,10:17:19,75307.0000,2
EuH9,10:17:19,77567.2400,1
EuH9,10:17:20,75309.0000,1
EuH9,10:17:20,76062.0900,1
EuH9,10:17:21,79073.4000,3
EuH9,10:17:22,76814.1600,2
EuH9,10:17:22,73802.8200,3
EuH9,10:17:22,76062.0900,2
EuH9,10:17:22,72297.6000,1
EuH9,10:17:23,78321.3600,2
EuH9,10:17:23,77569.3000,2
EuH9,10:17:24,75309.0000,3
EuH9,10:17:24,79075.5000,2
EuH9,10:17:25,73049.7300,3
EuH9,10:17:26,75309.0000,3
EuH9,10:17:27,76815.1800,2
