SECID,TRADETIME,PRICE,QUANTITY
GUH9,19:05:38,1.2815,1
GUH9,19:07:50,1.3469,1
GUH9,19:08:48,1.2423,4
GUH9,19:08:48,1.2947,400
GUH9,19:08:48,1.2424,96
GUH9,19:09:02,1.2948,3
GUH9,19:09:32,1.3340,2
GUH9,19:09:33,1.3209,1
GUH9,19:09:38,1.2555,1
GUH9,19:09:40,1.2423,1
GUH9,19:10:00,1.2422,1
GUH9,19:10:16,1.3075,1
GUH9,19:10:17,1.3728,1
GUH9,19:10:18,1.2812,1
GUH9,19:10:18,1.2418,1
GUH9,19:10:58,1.3204,2
GUH9,19:12:28,1.3726,2
GUH9,19:13:21,1.2940,1
GUH9,19:14:12,1.2944,1
GUH9,19:15:02,1.2678,1
GUH9,19:15:02,1.2938,1
GUH9,19:15:02,1.2415,1
GUH9,19:18:10,1.3592,1
GUH9,19:20:31,1.3332,1
GUH9,19:29:15,1.3073,2
GUH9,19:31:51,1.3071,1
GUH9,19:32:58,1.2684,1
GUH9,19:38:20,1.2549,1
GUH9,19:38:20,1.2810,1
GUH9,19:38:20,1.3593,1
GUH9,19:44:17,1.2551,1
GUH9,19:44:31,1.2421,1
GUH9,19:45:18,1.2422,2
GUH9,19:45:18,1.2422,1
GUH9,19:45:22,1.3208,1
GUH9,19:45:22,1.2947,1
GUH9,19:45:40,1.3602,1
GUH9,19:47:48,1.2683,1
GUH9,19:48:15,1.2682,1
GUH9,19:48:24,1.3073,1
GUH9,19:49:38,1.3342,1
GUH9,19:50:54,1.2814,1
GUH9,19:51:06,1.2551,1
GUH9,19:51:10,1.2681,1
GUH9,19:51:13,1.2941,1
GUH9,19:51:32,1.2679,1
GUH9,19:51:32,1.2416,1
GUH9,19:51:57,1.3200,1
GUH9,19:52:20,1.2807,1
GUH9,19:52:21,1.3328,1
GUH9,19:52:21,1.3589,1
GUH9,19:52:21,1.3065,1
GUH9,19:52:21,1.3587,1
GUH9,19:52:21,1.3717,1
GUH9,19:52:21,1.3586,1
GUH9,19:53:48,1.3588,2
GUH9,19:59:21,1.3715,1
GUH9,19:59:37,1.2930,1
GUH9,20:00:27,1.2673,2
GUH9,20:00:28,1.2413,2
GUH9,20:01:12,1.3062,2
GUH9,20:02:04,1.3586,1
GUH9,20:02:30,1.2409,1
GUH9,20:02:55,1.2799,1
GUH9,20:02:55,1.2538,2
GUH9,20:03:20,1.3320,1
GUH9,20:03:27,1.2405,1
GUH9,20:04:58,1.3325,1
GUH9,20:07:39,1.2801,400
GUH9,20:07:51,1.3062,100
GUH9,20:10:18,1.2673,1
GUH9,20:10:45,1.2932,5
GUH9,20:11:36,1.3197,1
GUH9,20:11:53,1.3590,1
GUH9,20:11:58,1.3068,1
GUH9,20:12:04,1.2677,1
GUH9,20:12:11,1.3070,1
GUH9,20:16:33,1.2672,100
GUH9,20:18:12,1.2668,100
GUH9,20:18:52,1.2538,1
GUH9,20:18:52,1.2407,99
GUH9,20:19:40,1.3451,1
GUH9,20:19:44,1.2666,1
GUH9,20:19:58,1.2404,1
GUH9,20:21:54,1.3448,1
GUH9,20:21:57,1.2663,1
GUH9,20:29:59,1.3055,1
GUH9,20:29:59,1.2402,1
GUH9,20:30:08,1.2532,1
GUH9,20:30:10,1.2661,1
GUH9,20:31:02,1.2663,2
GUH9,20:32:59,1.3323,2
GUH9,20:34:04,1.3586,1
GUH9,20:34:19,1.2803,1
GUH9,20:34:28,1.3065,1
GUH9,20:46:17,1.3582,1
GUH9,20:47:34,1.3716,1
GUH9,20:50:10,1.2802,1
GUH9,20:56:09,1.3579,1
GUH9,20:56:11,1.3578,1
GUH9,20:56:15,1.2402,1
GUH9,20:57:24,1.3576,1
GUH9,20:57:55,1.3184,1
GUH9,20:57:56,1.2399,5
GUH9,20:57:56,1.3052,1
GUH9,20:57:56,1.3183,1
GUH9,20:58:57,1.2659,1
GUH9,21:01:55,1.2397,1
GUH9,21:01:55,1.2397,1
GUH9,21:03:08,1.2658,1
GUH9,21:03:08,1.3049,1
GUH9,21:03:08,1.2919,1
GUH9,21:03:08,1.3571,1
GUH9,21:03:08,1.3179,1
GUH9,21:09:14,1.2403,1
GUH9,21:09:14,1.3057,1
GUH9,21:09:31,1.2796,1
GUH9,21:10:08,1.3445,8
GUH9,21:10:45,1.3711,1
GUH9,21:13:36,1.3320,1
GUH9,21:13:54,1.3452,1
GUH9,21:13:54,1.3191,1
GUH9,21:14:03,1.3061,1
GUH9,21:14:28,1.3061,1
GUH9,21:14:30,1.3062,1
GUH9,21:16:24,1.3586,1
GUH9,21:19:39,1.3195,1
GUH9,21:20:55,1.3065,1
GUH9,21:20:55,1.2934,1
GUH9,21:22:17,1.3719,1
GUH9,21:22:17,1.3590,1
GUH9,21:22:17,1.2807,1
GUH9,21:22:17,1.2938,1
GUH9,21:22:17,1.3461,1
GUH9,21:22:17,1.3723,1
GUH9,21:26:54,1.3594,1
GUH9,21:26:54,1.2810,2
GUH9,21:28:15,1.2808,2
GUH9,21:31:40,1.3197,2
GUH9,21:43:51,1.3330,1
GUH9,21:44:04,1.2416,1
GUH9,21:47:19,1.2546,19
GUH9,21:47:19,1.3592,16
GUH9,21:47:19,1.2416,10
GUH9,21:49:19,1.2416,1
GUH9,21:53:10,1.2416,1
GUH9,21:57:43,1.2416,1
GUH9,21:57:50,1.2809,1
GUH9,21:58:03,1.3463,1
GUH9,21:58:03,1.3463,2
GUH9,22:00:48,1.3595,1
GUH9,22:01:10,1.2681,1
GUH9,22:01:35,1.3073,2
GUH9,22:12:35,1.3327,1
GUH9,22:19:51,1.2935,1
GUH9,22:20:05,1.3458,1
GUH9,22:23:39,1.3464,1
GUH9,22:23:59,1.2419,1
GUH9,22:24:33,1.3728,1
GUH9,22:24:37,1.2552,1
GUH9,22:25:04,1.2684,1
GUH9,22:26:58,1.2946,1
GUH9,22:27:20,1.3209,1
GUH9,22:27:20,1.3209,1
GUH9,22:29:11,1.2817,1
GUH9,22:29:29,1.3468,35
GUH9,22:29:59,1.3734,1
GUH9,22:29:59,1.2557,1
GUH9,22:31:10,1.3735,1
GUH9,22:31:31,1.2820,1
GUH9,22:33:45,1.3737,1
GUH9,22:33:45,1.3345,2
GUH9,22:33:54,1.2822,1
GUH9,22:35:05,1.3216,1
GUH9,22:36:05,1.2560,6
GUH9,22:43:04,1.3609,1
GUH9,22:43:06,1.3741,1
GUH9,22:43:32,1.2564,5
GUH9,22:46:37,1.3347,2
GUH9,22:51:21,1.3739,2
GUH9,22:51:34,1.3219,1
GUH9,22:52:54,1.3089,1
GUH9,22:52:54,1.2696,1
GUH9,22:53:18,1.3221,1
GUH9,22:53:18,1.3352,5
GUH9,22:56:48,1.3615,1
GUH9,22:57:13,1.3352,1
GUH9,22:57:25,1.2830,1
GUH9,22:58:21,1.3355,1
GUH9,22:58:21,1.2832,1
GUH9,22:58:21,1.3226,1
GUH9,22:58:21,1.2964,1
GUH9,22:58:21,1.3750,1
GUH9,22:58:28,1.2567,1
GUH9,22:58:42,1.3088,1
GUH9,22:59:22,1.3090,1
GUH9,23:01:14,1.2957,1
GUH9,23:04:29,1.3749,1
GUH9,23:04:54,1.3092,1
GUH9,23:05:48,1.2963,1
GUH9,23:10:16,1.3486,1
GUH9,23:11:28,1.2439,1
GUH9,23:13:00,1.2436,2
GUH9,23:13:20,1.3223,2
GUH9,23:14:45,1.2437,2
GUH9,23:14:56,1.3747,2
GUH9,23:15:45,1.2961,2
GUH9,23:15:49,1.3747,2
GUH9,23:15:53,1.3484,400
GUH9,23:15:53,1.3222,97
GUH9,23:16:13,1.3093,2
GUH9,23:16:26,1.2570,1
GUH9,23:16:26,1.3618,200
GUH9,23:16:26,1.3357,2
GUH9,23:16:26,1.2440,1
GUH9,23:16:27,1.2834,1
GUH9,23:16:48,1.3097,1
GUH9,23:17:34,1.3751,5
GUH9,23:18:57,1.3753,1
GUH9,23:19:09,1.2965,1
GUH9,23:19:26,1.3229,1
GUH9,23:20:13,1.3491,2
GUH9,23:20:20,1.3492,1
GUH9,23:20:20,1.3623,1
GUH9,23:22:50,1.3360,2
GUH9,23:26:42,1.2835,1
GUH9,23:28:18,1.2571,1
GUH9,23:30:24,1.2571,7
GUH9,23:33:07,1.3750,1
GUH9,23:36:29,1.2439,1
GUH9,23:36:43,1.3488,1
GUH9,23:41:32,1.3095,1
GUH9,23:42:08,1.2572,2
GUH9,23:42:08,1.3096,3
GUH9,23:43:07,1.2573,1
GUH9,23:45:01,1.2830,1
GUH9,10:00:00,1.3098,3
GUH9,10:00:00,1.2576,1
GUH9,10:00:00,1.3237,2
GUH9,10:00:00,1.3500,2
GUH9,10:00:00,1.2976,2
GUH9,10:00:00,1.3370,2
GUH9,10:00:00,1.3764,2
GUH9,10:00:00,1.2454,2
GUH9,10:00:00,1.3373,2
GUH9,10:00:00,1.3373,2
GUH9,10:00:00,1.2981,1
GUH9,10:00:00,1.2981,2
GUH9,10:00:00,1.2851,2
GUH9,10:00:00,1.2720,3
GUH9,10:00:00,1.2721,2
GUH9,10:00:00,1.3246,2
GUH9,10:00:00,1.3641,2
GUH9,10:00:00,1.2592,2
GUH9,10:00:00,1.2725,2
GUH9,10:00:00,1.2862,2
GUH9,10:00:00,1.2862,2
GUH9,10:00:00,1.2996,1
GUH9,10:00:00,1.2882,1
GUH9,10:00:00,1.3018,1
GUH9,10:00:00,1.2756,30
GUH9,10:00:00,1.2767,40
GUH9,10:00:00,1.2916,5
GUH9,10:00:00,1.3708,23
GUH9,10:00:00,1.2773,10
GUH9,10:00:01,1.3405,1
GUH9,10:00:01,1.3792,4
GUH9,10:00:02,1.3530,4
GUH9,10:00:06,1.2873,1
GUH9,10:00:07,1.2479,1
GUH9,10:00:20,1.2479,1
GUH9,10:00:21,1.3531,1
GUH9,10:00:52,1.2882,1
GUH9,10:00:52,1.3802,1
GUH9,10:01:04,1.3147,2
GUH9,10:01:04,1.3805,48
GUH9,10:01:27,1.2885,2
GUH9,10:01:27,1.3280,1
GUH9,10:01:45,1.2484,42
GUH9,10:02:04,1.2617,4
GUH9,10:02:04,1.2617,26
GUH9,10:02:15,1.3539,1
GUH9,10:02:25,1.2486,1
GUH9,10:02:25,1.3274,1
GUH9,10:02:25,1.2880,1
GUH9,10:02:25,1.3406,1
GUH9,10:02:26,1.3669,1
GUH9,10:02:27,1.3272,2
GUH9,10:02:36,1.3145,2
GUH9,10:02:36,1.3277,4
GUH9,10:02:48,1.2747,2
GUH9,10:02:48,1.2483,3
GUH9,10:02:55,1.3131,5
GUH9,10:03:08,1.3393,5
GUH9,10:03:10,1.2877,1
GUH9,10:03:10,1.3008,2
GUH9,10:03:20,1.3403,2
GUH9,10:03:20,1.3139,3
GUH9,10:03:33,1.3664,2
GUH9,10:03:33,1.3269,2
GUH9,10:03:37,1.2745,50
GUH9,10:04:02,1.2743,2
GUH9,10:04:02,1.2479,3
GUH9,10:04:07,1.2877,1
GUH9,10:04:07,1.3400,2
GUH9,10:04:07,1.3531,2
GUH9,10:06:54,1.3012,5
GUH9,10:07:17,1.2879,5
GUH9,10:08:23,1.3801,2
GUH9,10:08:23,1.3539,2
GUH9,10:08:23,1.3802,77
GUH9,10:08:35,1.3667,3
GUH9,10:10:56,1.2882,2
GUH9,10:12:07,1.2753,3
GUH9,10:13:33,1.3014,2
GUH9,10:13:55,1.3146,2
GUH9,10:17:19,1.3009,1
GUH9,10:17:34,1.3799,4
GUH9,10:27:27,1.2477,1
GUH9,10:27:27,1.3527,1
GUH9,10:30:13,1.3668,5
GUH9,10:30:13,1.3407,2
GUH9,10:30:45,1.3539,2
GUH9,10:30:48,1.3540,2
GUH9,10:32:06,1.2490,2
GUH9,10:32:06,1.3411,2
GUH9,10:32:07,1.3280,2
GUH9,10:32:21,1.3544,2
GUH9,10:32:21,1.3150,1
GUH9,10:32:26,1.3019,2
GUH9,10:32:26,1.2626,2
GUH9,10:32:34,1.3021,2
GUH9,10:33:38,1.2492,1
GUH9,10:33:38,1.3679,2
GUH9,10:33:42,1.3812,1
GUH9,10:33:42,1.2759,2
GUH9,10:33:42,1.2496,2
GUH9,10:33:53,1.3283,2
GUH9,10:34:01,1.3285,10
GUH9,10:35:19,1.3411,1
GUH9,10:35:52,1.2625,2
GUH9,10:35:52,1.3415,13
GUH9,10:39:09,1.3681,2
GUH9,10:39:18,1.3153,2
GUH9,10:39:25,1.3551,2
GUH9,10:40:01,1.3676,1
GUH9,10:40:38,1.2887,5
GUH9,10:41:32,1.2489,1
GUH9,10:41:36,1.3802,2
GUH9,10:41:46,1.2486,1
GUH9,10:42:05,1.2746,1
GUH9,10:42:32,1.3403,10
GUH9,10:42:52,1.3406,3
GUH9,10:42:52,1.3406,2
GUH9,10:42:52,1.3143,1
GUH9,10:42:52,1.3274,1
GUH9,10:42:52,1.3669,1
GUH9,10:42:52,1.2486,2
GUH9,10:44:09,1.2749,2
GUH9,10:46:41,1.3801,1
GUH9,10:51:11,1.2492,1
GUH9,10:51:12,1.3678,2
GUH9,10:51:12,1.2890,3
GUH9,10:51:13,1.2626,2
GUH9,10:51:13,1.3153,3
GUH9,10:51:13,1.3153,5
GUH9,10:51:13,1.2495,5
GUH9,10:51:13,1.3021,5
GUH9,10:51:18,1.3807,1
GUH9,10:55:49,1.2488,1
GUH9,10:56:22,1.3403,1
GUH9,10:56:22,1.3270,2
GUH9,10:56:46,1.2744,1
GUH9,11:00:01,1.3795,1
GUH9,11:01:35,1.3660,1
GUH9,11:01:35,1.3529,2
GUH9,11:01:43,1.3133,1
GUH9,11:02:21,1.3527,1
GUH9,11:02:21,1.2475,49
GUH9,11:03:45,1.3402,1
GUH9,11:04:30,1.2481,2
GUH9,11:04:30,1.2876,5
GUH9,11:04:30,1.2613,143
GUH9,11:05:26,1.2483,5
GUH9,11:08:16,1.3004,1
GUH9,11:08:21,1.3002,1
GUH9,11:08:34,1.2473,1
GUH9,11:08:41,1.3392,1
GUH9,11:08:41,1.2998,1
GUH9,11:08:41,1.3784,2
GUH9,11:08:43,1.2601,2
GUH9,11:08:45,1.3650,1
GUH9,11:08:46,1.2600,4
GUH9,11:08:47,1.2866,2
GUH9,11:08:47,1.2867,8
GUH9,11:09:35,1.3651,10
GUH9,11:10:28,1.3655,1
GUH9,11:10:50,1.2736,19
GUH9,11:12:19,1.3127,2
GUH9,11:12:38,1.3649,2
GUH9,11:13:09,1.2994,1
GUH9,11:14:42,1.3255,1
GUH9,11:14:42,1.2730,7
GUH9,11:14:42,1.2862,12
GUH9,11:15:02,1.3651,2
GUH9,11:15:02,1.2996,8
GUH9,11:16:55,1.3648,1
GUH9,11:17:44,1.3777,1
GUH9,11:17:44,1.3120,1
GUH9,11:18:22,1.2465,2
GUH9,11:18:25,1.2726,2
GUH9,11:18:35,1.3384,2
GUH9,11:18:35,1.3648,3
GUH9,11:19:26,1.3524,1
GUH9,11:19:26,1.3262,4
GUH9,11:19:39,1.2733,2
GUH9,11:19:39,1.3390,2
GUH9,11:25:28,1.2464,1
GUH9,11:25:53,1.3508,1
GUH9,11:25:53,1.3508,1
GUH9,11:25:58,1.2985,2
GUH9,11:26:00,1.3116,2
GUH9,11:26:25,1.3640,1
GUH9,11:27:29,1.2981,1
GUH9,11:28:30,1.2853,2
GUH9,11:28:39,1.3774,1
GUH9,11:30:07,1.2994,1
GUH9,11:30:07,1.3652,1
GUH9,11:30:22,1.3255,2
GUH9,11:30:58,1.3518,1
GUH9,11:32:08,1.2734,1
GUH9,11:33:28,1.2867,1
GUH9,11:37:29,1.2470,1
GUH9,11:38:38,1.3789,2
GUH9,11:38:38,1.3133,1
GUH9,11:38:38,1.2739,1
GUH9,11:38:38,1.2871,58
GUH9,11:42:01,1.2995,1
GUH9,11:42:23,1.2466,2
GUH9,11:42:23,1.3252,9
GUH9,11:43:41,1.2732,1
GUH9,11:46:39,1.2464,3
GUH9,11:46:49,1.3382,1
GUH9,11:47:18,1.2729,1
GUH9,11:48:36,1.3776,1
GUH9,11:51:02,1.3249,2
GUH9,11:51:03,1.2986,1
GUH9,11:51:09,1.3640,5
GUH9,11:51:09,1.3115,1
GUH9,11:51:09,1.3115,1
GUH9,11:55:06,1.2985,1
GUH9,11:59:55,1.3645,2
GUH9,12:00:30,1.2592,1
GUH9,12:01:02,1.3376,1
GUH9,12:01:02,1.3507,1
GUH9,12:01:02,1.2589,1
GUH9,12:01:02,1.3639,10
GUH9,12:01:02,1.2983,7
GUH9,12:02:29,1.3650,2
GUH9,12:05:51,1.3507,1
GUH9,12:06:36,1.3246,2
GUH9,12:06:36,1.3640,1
GUH9,12:06:36,1.3508,2
GUH9,12:09:03,1.2585,1
GUH9,12:09:03,1.2716,2
GUH9,12:09:03,1.3111,1
GUH9,12:09:50,1.2714,1
GUH9,12:09:50,1.2975,2
GUH9,12:09:50,1.3498,1
GUH9,12:09:50,1.3236,5
GUH9,12:09:50,1.3629,2
GUH9,12:09:50,1.3761,1
GUH9,12:09:50,1.3367,85
GUH9,12:09:50,1.3760,7
GUH9,12:09:50,1.2974,135
GUH9,12:09:50,1.2843,77
GUH9,12:09:50,1.3105,7
GUH9,12:09:50,1.3105,87
GUH9,12:09:50,1.2450,10
GUH9,12:09:50,1.3236,140
GUH9,12:09:50,1.3760,6
GUH9,12:09:50,1.3367,6
GUH9,12:09:50,1.3629,10
GUH9,12:09:50,1.3236,37
GUH9,12:09:50,1.3105,47
GUH9,12:09:50,1.3498,295
GUH9,12:09:50,1.3498,6
GUH9,12:09:50,1.3236,4
GUH9,12:09:50,1.2842,1
GUH9,12:09:50,1.3236,190
GUH9,12:09:50,1.2450,103
GUH9,12:09:50,1.2581,97
GUH9,12:09:50,1.2974,88
GUH9,12:09:52,1.2844,1
GUH9,12:10:57,1.2452,1
GUH9,12:15:51,1.2853,2
GUH9,12:18:21,1.3511,83
GUH9,12:18:21,1.2855,15
GUH9,12:18:21,1.3511,2
GUH9,12:23:02,1.3380,1
GUH9,12:31:10,1.3110,2
GUH9,12:34:13,1.2590,2
GUH9,12:37:50,1.2459,1
GUH9,12:37:54,1.3638,5
GUH9,12:37:54,1.2981,1
GUH9,12:38:20,1.2458,1
GUH9,12:39:08,1.2587,2
GUH9,12:39:08,1.2586,3
GUH9,12:40:12,1.2717,2
GUH9,12:41:38,1.3239,2
GUH9,12:41:38,1.3500,2
GUH9,12:41:49,1.3632,7
GUH9,12:41:49,1.2846,11
GUH9,12:41:49,1.2846,10
GUH9,12:41:49,1.3370,5
GUH9,12:41:49,1.2977,14
GUH9,12:41:49,1.3108,5
GUH9,12:43:07,1.2977,9
GUH9,12:43:08,1.3108,5
GUH9,12:43:08,1.2977,1
GUH9,12:43:08,1.3239,14
GUH9,12:43:08,1.3632,45
GUH9,12:44:48,1.2846,24
GUH9,12:47:28,1.3765,2
GUH9,12:50:53,1.2717,2
GUH9,12:50:56,1.2454,2
GUH9,12:51:53,1.3375,2
GUH9,12:53:34,1.2722,2
GUH9,12:53:49,1.3115,2
GUH9,12:53:51,1.2591,1
GUH9,12:53:52,1.2723,2
GUH9,12:56:43,1.3643,1
GUH9,12:56:56,1.2724,2
GUH9,12:56:56,1.3775,15
GUH9,12:56:56,1.2725,3
GUH9,13:02:30,1.2850,2
GUH9,13:05:00,1.3114,2
GUH9,13:05:00,1.2589,3
GUH9,13:05:00,1.3507,1
GUH9,13:05:00,1.2852,4
GUH9,13:05:20,1.3115,1
GUH9,13:05:20,1.3640,12
GUH9,13:09:39,1.3506,12
GUH9,13:12:25,1.3110,5
GUH9,13:17:22,1.2453,3
GUH9,13:17:22,1.3370,1
GUH9,13:18:31,1.3368,2
GUH9,13:18:36,1.2450,5
GUH9,13:19:13,1.2578,1
GUH9,13:19:22,1.3100,5
GUH9,13:19:47,1.2969,1
GUH9,13:19:47,1.3100,1
GUH9,13:20:04,1.3103,1
GUH9,13:21:23,1.3624,5
GUH9,13:21:51,1.2449,2
GUH9,13:21:53,1.2451,1
GUH9,13:23:48,1.2713,4
GUH9,13:25:33,1.2975,1
GUH9,13:28:32,1.2715,1
GUH9,13:33:12,1.3503,2
GUH9,13:33:51,1.2845,2
GUH9,13:34:06,1.2713,2
GUH9,13:34:37,1.3628,2
GUH9,13:35:37,1.3497,5
GUH9,13:36:58,1.3363,1
GUH9,13:37:03,1.2576,5
GUH9,13:38:03,1.2710,1
GUH9,13:38:03,1.3364,4
GUH9,13:38:50,1.3497,1
GUH9,13:40:16,1.2973,2
GUH9,13:40:16,1.3759,3
GUH9,13:40:53,1.2974,20
GUH9,13:41:31,1.3765,2
GUH9,13:46:44,1.2712,2
GUH9,13:49:42,1.3233,2
GUH9,13:50:59,1.3241,2
GUH9,13:51:43,1.2454,1
GUH9,13:54:46,1.2974,2
GUH9,13:56:16,1.3765,2
GUH9,13:56:31,1.2979,1
GUH9,13:59:00,1.3240,1
GUH9,14:05:16,1.2984,2
GUH9,14:05:46,1.3640,2
GUH9,14:05:46,1.3771,10
GUH9,14:06:26,1.3251,1
GUH9,14:06:27,1.3776,1
GUH9,14:06:29,1.3251,2
GUH9,14:06:29,1.3776,2
GUH9,14:06:29,1.2858,16
GUH9,14:06:37,1.3509,2
GUH9,14:06:37,1.3509,2
GUH9,14:06:37,1.3116,5
GUH9,14:06:50,1.3380,7
GUH9,14:07:01,1.3509,2
GUH9,14:07:12,1.3116,7
GUH9,14:07:12,1.2459,3
GUH9,14:08:06,1.3640,2
GUH9,14:12:34,1.3771,2
GUH9,14:23:23,1.2588,1
GUH9,14:24:38,1.3776,2
GUH9,14:24:42,1.3517,2
GUH9,14:24:42,1.2862,1
GUH9,14:24:42,1.3781,4
GUH9,14:25:11,1.2994,1
GUH9,14:25:11,1.2601,1
GUH9,14:25:50,1.3392,1
GUH9,14:25:50,1.2866,2
GUH9,14:25:50,1.3655,5
GUH9,14:25:50,1.2606,14
GUH9,14:25:50,1.3393,1
GUH9,14:25:50,1.2474,4
GUH9,14:26:00,1.2469,2
GUH9,14:26:00,1.3650,2
GUH9,14:26:39,1.3521,5
GUH9,14:27:23,1.2870,1
GUH9,14:29:00,1.3263,2
GUH9,14:29:00,1.3001,2
GUH9,14:29:00,1.3132,1
GUH9,14:29:24,1.3260,2
GUH9,14:31:13,1.2738,1
GUH9,14:31:33,1.3525,1
GUH9,14:33:13,1.2731,2
GUH9,14:33:57,1.2469,1
GUH9,14:38:02,1.2470,1
GUH9,14:38:03,1.3653,2
GUH9,14:38:03,1.2734,1
GUH9,14:38:10,1.2999,3
GUH9,14:38:10,1.2605,2
GUH9,14:44:43,1.3135,1
GUH9,14:44:43,1.2741,3
GUH9,14:44:43,1.2741,1
GUH9,14:47:14,1.3530,1
GUH9,14:47:14,1.2742,6
GUH9,14:47:14,1.2479,3
GUH9,14:47:25,1.3794,1
GUH9,14:48:32,1.3003,1
GUH9,14:48:53,1.3657,2
GUH9,14:49:07,1.3658,1
GUH9,14:50:43,1.3786,2
GUH9,15:04:59,1.3256,1
GUH9,15:04:59,1.3256,1
GUH9,15:09:50,1.2999,5
GUH9,15:09:50,1.3786,5
GUH9,15:10:18,1.3790,2
GUH9,15:10:18,1.3396,2
GUH9,15:10:18,1.2739,1
GUH9,15:10:43,1.3788,2
GUH9,15:16:34,1.2478,5
GUH9,15:17:27,1.2483,5
GUH9,15:17:28,1.2616,1
GUH9,15:17:31,1.2874,1
GUH9,15:18:32,1.3802,5
GUH9,15:18:32,1.2885,1
GUH9,15:20:21,1.3539,6
GUH9,15:20:22,1.3407,1
GUH9,15:21:04,1.3537,2
GUH9,15:21:29,1.3540,1
GUH9,15:21:57,1.3015,5
GUH9,15:23:20,1.3534,2
GUH9,15:23:33,1.3795,5
GUH9,15:24:01,1.3666,1
GUH9,15:24:01,1.3666,3
GUH9,15:25:58,1.3271,5
GUH9,15:30:21,1.3658,116
GUH9,15:43:55,1.3396,2
GUH9,15:45:23,1.2872,2
GUH9,15:45:23,1.3529,4
GUH9,15:46:24,1.3788,2
GUH9,15:46:34,1.2739,2
GUH9,15:59:25,1.3519,1
GUH9,15:59:25,1.2600,1
GUH9,15:59:45,1.3779,2
GUH9,15:59:55,1.2465,1
GUH9,16:00:51,1.3516,2
GUH9,16:05:13,1.2990,1
GUH9,16:05:13,1.3383,5
GUH9,16:05:59,1.2861,3
GUH9,16:14:11,1.3400,20
GUH9,16:18:16,1.3655,10
GUH9,16:19:59,1.3393,1
GUH9,16:19:59,1.3129,1
GUH9,16:21:06,1.3522,1
GUH9,16:21:06,1.3258,1
GUH9,16:21:54,1.3520,1
GUH9,16:21:59,1.3125,1
GUH9,16:24:19,1.3255,1
GUH9,16:24:50,1.3385,2
GUH9,16:24:50,1.2992,1
GUH9,16:24:51,1.3384,1
GUH9,16:25:24,1.3778,1
GUH9,16:25:43,1.2860,1
GUH9,16:25:44,1.2596,1
GUH9,16:27:15,1.3648,1
GUH9,16:27:20,1.2467,1
GUH9,16:27:31,1.3122,1
GUH9,16:27:37,1.3383,1
GUH9,16:27:41,1.2726,2
GUH9,16:27:46,1.2595,1
GUH9,16:29:51,1.3777,2
GUH9,16:30:12,1.2728,2
GUH9,16:30:15,1.3515,2
GUH9,16:30:27,1.3646,2
GUH9,16:30:36,1.3777,2
GUH9,16:30:45,1.3384,2
GUH9,16:30:51,1.2727,5
GUH9,16:30:58,1.3252,5
GUH9,16:31:01,1.2859,5
GUH9,16:31:18,1.2466,2
GUH9,16:31:18,1.3384,3
GUH9,16:31:23,1.2729,10
GUH9,16:31:28,1.2993,10
GUH9,16:31:39,1.3252,5
GUH9,16:32:42,1.3781,1
GUH9,16:32:58,1.2992,2
GUH9,16:33:45,1.3128,1
GUH9,16:35:26,1.2991,2
GUH9,16:36:06,1.2469,2
GUH9,16:36:06,1.2470,3
GUH9,16:36:24,1.2859,2
GUH9,16:37:18,1.2596,2
GUH9,16:41:48,1.2866,5
GUH9,16:42:48,1.2475,3
GUH9,16:44:00,1.2873,1
GUH9,16:45:11,1.3386,1
GUH9,16:45:18,1.2991,1
GUH9,16:45:30,1.2464,2
GUH9,16:47:31,1.2726,1
GUH9,16:49:21,1.2857,2
GUH9,16:50:54,1.2593,2
GUH9,16:52:16,1.3773,3
GUH9,16:52:16,1.2723,1
GUH9,16:53:02,1.2855,1
GUH9,16:53:42,1.2859,1
GUH9,16:53:42,1.3383,1
GUH9,17:03:36,1.3125,1
GUH9,17:03:37,1.3389,1
GUH9,17:03:42,1.3258,1
GUH9,17:03:47,1.2865,1
GUH9,17:03:52,1.2998,1
GUH9,17:03:52,1.2867,1
GUH9,17:03:52,1.2737,1
GUH9,17:03:52,1.3001,1
GUH9,17:03:52,1.2870,1
GUH9,17:05:59,1.3134,1
GUH9,17:05:59,1.2478,1
GUH9,17:06:28,1.3136,1
GUH9,17:08:26,1.3526,1
GUH9,17:09:10,1.3006,1
GUH9,17:09:11,1.2612,1
GUH9,17:09:11,1.3665,1
GUH9,17:09:11,1.3534,1
GUH9,17:09:12,1.3667,1
GUH9,17:09:21,1.2485,1
GUH9,17:09:43,1.3012,3
GUH9,17:09:43,1.3274,1
GUH9,17:09:46,1.2881,1
GUH9,17:09:46,1.3014,1
GUH9,17:09:46,1.2883,1
GUH9,17:09:46,1.3672,1
GUH9,17:09:46,1.3146,1
GUH9,17:09:46,1.2489,1
GUH9,17:09:46,1.3278,1
GUH9,17:09:46,1.3411,1
GUH9,17:09:47,1.3280,1
GUH9,17:09:47,1.3018,1
GUH9,17:09:47,1.2491,2
GUH9,17:13:11,1.3408,1
GUH9,17:13:11,1.3145,2
GUH9,17:13:11,1.2488,2
GUH9,17:14:05,1.3411,1
GUH9,17:14:18,1.3143,2
GUH9,17:15:58,1.2751,1
GUH9,17:16:09,1.3016,2
GUH9,17:16:11,1.2750,1
GUH9,17:17:58,1.3149,1
GUH9,17:17:58,1.3149,1
GUH9,17:18:07,1.2624,9
GUH9,17:18:07,1.3018,1
GUH9,17:18:07,1.3150,1
GUH9,17:18:07,1.3544,1
GUH9,17:18:07,1.2624,2
GUH9,17:18:07,1.3281,5
GUH9,17:18:07,1.3018,1
GUH9,17:18:07,1.3151,1
GUH9,17:18:07,1.3152,1
GUH9,17:18:07,1.3679,1
GUH9,17:18:07,1.3154,1
GUH9,17:18:07,1.3550,6
GUH9,17:18:07,1.2629,2
GUH9,17:18:07,1.3023,38
GUH9,17:18:07,1.3289,1
GUH9,17:18:08,1.3418,150
GUH9,17:18:25,1.3544,1
GUH9,17:20:35,1.2880,1
GUH9,17:20:41,1.2879,1
GUH9,17:20:41,1.3536,2
GUH9,17:21:34,1.3404,1
GUH9,17:22:47,1.2753,1
GUH9,17:22:54,1.3671,1
GUH9,17:28:49,1.2625,1
GUH9,17:29:10,1.3152,1
GUH9,17:29:10,1.2890,1
GUH9,17:31:11,1.2891,1
GUH9,17:31:15,1.2497,1
GUH9,17:31:24,1.3682,1
GUH9,17:31:25,1.2631,1
GUH9,17:31:40,1.2630,2
GUH9,17:31:40,1.2761,1
GUH9,17:31:40,1.3814,17
GUH9,17:32:44,1.3414,1
GUH9,17:32:46,1.3807,1
GUH9,17:33:39,1.2629,5
GUH9,17:33:39,1.2760,2
GUH9,17:34:17,1.3420,5
GUH9,17:34:17,1.3815,1
GUH9,17:34:17,1.3552,1
GUH9,17:34:17,1.3553,1
GUH9,17:34:17,1.3292,10
GUH9,17:34:17,1.2900,1
GUH9,17:34:17,1.2769,1
GUH9,17:34:17,1.2501,1
GUH9,17:34:17,1.2897,10
GUH9,17:34:49,1.3557,20
GUH9,17:36:26,1.3687,5
GUH9,17:37:06,1.3162,1
GUH9,17:37:12,1.3818,2
GUH9,17:37:12,1.3686,2
GUH9,17:37:12,1.2634,1
GUH9,17:37:21,1.3818,5
GUH9,17:37:25,1.3685,5
GUH9,17:37:59,1.3557,5
GUH9,17:38:19,1.3556,5
GUH9,17:39:22,1.2504,10
GUH9,17:39:22,1.3294,5
GUH9,17:39:25,1.3425,1
GUH9,17:39:53,1.3295,2
GUH9,17:40:47,1.3819,1
GUH9,17:41:13,1.2764,24
GUH9,17:41:13,1.3422,15
GUH9,17:41:13,1.2896,4
GUH9,17:41:13,1.2764,19
GUH9,17:41:13,1.3685,7
GUH9,17:41:13,1.3291,9
GUH9,17:41:13,1.3291,8
GUH9,17:41:13,1.3027,1
GUH9,17:41:13,1.2501,1
GUH9,17:41:30,1.3555,2
GUH9,17:44:19,1.3560,5
GUH9,17:44:19,1.3297,1
GUH9,17:44:19,1.3823,2
GUH9,17:44:29,1.2508,23
GUH9,17:44:29,1.2903,9
GUH9,17:44:32,1.2771,48
GUH9,17:44:32,1.2639,2
GUH9,17:44:32,1.3824,12
GUH9,17:44:32,1.2508,3
GUH9,17:44:32,1.2508,21
GUH9,17:44:32,1.3559,2
GUH9,17:44:32,1.2901,2
GUH9,17:44:33,1.3034,1
GUH9,17:44:33,1.2639,1
GUH9,17:44:33,1.3561,2
GUH9,17:44:33,1.3034,124
GUH9,17:44:33,1.2903,4
GUH9,17:44:35,1.3167,1
GUH9,17:44:46,1.3431,2
GUH9,17:44:50,1.3431,1
GUH9,17:44:50,1.3826,1
GUH9,17:44:50,1.3300,1
GUH9,17:52:08,1.2774,1
GUH9,17:52:08,1.2511,5
GUH9,17:52:11,1.3168,2
GUH9,17:52:11,1.2641,3
GUH9,17:52:26,1.3696,1
GUH9,17:52:35,1.3302,5
GUH9,17:53:39,1.3831,2
GUH9,17:53:39,1.3041,5
GUH9,17:53:39,1.2646,11
GUH9,17:53:39,1.3172,2
GUH9,17:53:39,1.2514,4
GUH9,17:54:15,1.2905,9
GUH9,17:54:15,1.3563,2
GUH9,17:54:15,1.3694,239
GUH9,17:54:44,1.3431,2
GUH9,17:54:44,1.2641,3
GUH9,17:59:42,1.3821,20
GUH9,18:01:38,1.2641,1
GUH9,18:03:54,1.3695,1
GUH9,18:05:15,1.3692,5
GUH9,18:05:22,1.3427,1
GUH9,18:06:43,1.3161,1
GUH9,18:08:55,1.3554,1
GUH9,18:10:30,1.3292,1
GUH9,18:10:53,1.3683,1
GUH9,18:11:37,1.2629,1
GUH9,18:14:20,1.2890,1
GUH9,18:18:31,1.3692,1
GUH9,18:18:49,1.3828,5
GUH9,18:18:49,1.3171,2
GUH9,18:19:37,1.2511,2
GUH9,18:19:37,1.3564,3
GUH9,18:19:58,1.3040,5
GUH9,18:20:04,1.3699,3
GUH9,18:20:04,1.3040,2
GUH9,18:20:08,1.3700,2
GUH9,18:20:20,1.3834,5
GUH9,18:20:25,1.3831,5
GUH9,18:21:34,1.2518,5
GUH9,18:21:34,1.3442,3
GUH9,18:21:34,1.3178,1
GUH9,18:21:34,1.3442,2
GUH9,18:21:36,1.3703,1
GUH9,18:21:43,1.3180,2
GUH9,18:21:43,1.3180,2
GUH9,18:22:25,1.3575,1
GUH9,18:22:28,1.3707,2
GUH9,18:22:28,1.3444,2
GUH9,18:22:28,1.3179,1
GUH9,18:22:33,1.3841,1
GUH9,18:23:06,1.3048,3
GUH9,18:23:57,1.3712,5
GUH9,18:23:57,1.3449,2
GUH9,18:23:57,1.2921,13
GUH9,18:23:57,1.2658,2
GUH9,18:23:57,1.2658,5
GUH9,18:23:57,1.3845,3
GUH9,18:23:57,1.2923,2
GUH9,18:23:57,1.2660,63
GUH9,18:23:57,1.3055,2
GUH9,18:23:57,1.3452,58
GUH9,18:23:57,1.2791,1
GUH9,18:23:57,1.2529,83
GUH9,18:23:57,1.3584,100
GUH9,18:23:57,1.3584,159
GUH9,18:23:57,1.2660,18
GUH9,18:23:57,1.3717,1
GUH9,18:23:57,1.3323,2
GUH9,18:23:57,1.3586,54
GUH9,18:23:57,1.3322,2
GUH9,18:23:57,1.2794,7
GUH9,18:23:57,1.3587,2
GUH9,18:23:57,1.3849,132
GUH9,18:23:57,1.2926,7
GUH9,18:23:57,1.3190,75
GUH9,18:23:57,1.3718,203
GUH9,18:23:57,1.3058,8
GUH9,18:23:57,1.2926,20
GUH9,18:23:57,1.3454,1
GUH9,18:23:57,1.3454,20
GUH9,18:23:57,1.3058,20
GUH9,18:23:58,1.3454,18
GUH9,18:23:58,1.3718,12
GUH9,18:23:58,1.3718,10
GUH9,18:23:58,1.3849,200
GUH9,18:23:58,1.3718,10
GUH9,18:23:58,1.3454,20
GUH9,18:23:58,1.3718,73
GUH9,18:23:58,1.3058,97
GUH9,18:24:15,1.3711,2
GUH9,18:24:20,1.2660,2
GUH9,18:24:20,1.3716,2
GUH9,18:24:24,1.3054,2
GUH9,18:24:48,1.3056,1
GUH9,18:24:57,1.2927,1
GUH9,18:25:03,1.3321,2
GUH9,18:25:22,1.3320,2
GUH9,18:25:37,1.3192,2
GUH9,18:25:38,1.2664,1
GUH9,18:25:38,1.3324,1
GUH9,18:25:52,1.3324,1
GUH9,18:26:19,1.3723,5
GUH9,18:26:19,1.2799,2
GUH9,18:26:21,1.3456,2
GUH9,18:26:21,1.3191,1
GUH9,18:26:39,1.2537,1
GUH9,18:26:39,1.2537,2
GUH9,18:26:53,1.2666,2
GUH9,18:27:04,1.3328,3
GUH9,18:29:03,1.2930,1
GUH9,18:29:49,1.3856,2
GUH9,18:30:25,1.3461,1
GUH9,18:30:25,1.3461,8
GUH9,18:30:25,1.3329,1
GUH9,18:30:33,1.2669,3
GUH9,18:30:37,1.3197,11
GUH9,18:30:37,1.2537,13
GUH9,18:30:37,1.3725,14
GUH9,18:30:37,1.3593,5
GUH9,18:30:39,1.3594,30
GUH9,18:30:44,1.2537,1
GUH9,18:30:48,1.2933,1
GUH9,18:30:56,1.3859,3
GUH9,18:31:37,1.3726,1
GUH9,18:32:14,1.2796,2
GUH9,18:32:14,1.2663,18
GUH9,18:33:14,1.2793,1
GUH9,18:33:15,1.3057,1
GUH9,18:33:15,1.2925,3
GUH9,18:34:13,1.2657,18
GUH9,18:34:13,1.3183,232
GUH9,18:34:17,1.2656,250
GUH9,18:34:20,1.3316,2
GUH9,18:35:00,1.2788,14
GUH9,18:36:23,1.2526,2
GUH9,18:36:37,1.2658,2
GUH9,18:36:37,1.3582,5
GUH9,18:41:54,1.3714,1
GUH9,18:41:56,1.3712,1
GUH9,18:44:28,1.2662,250
GUH9,19:08:36,1.2431,2
GUH9,19:15:07,1.3210,1
GUH9,19:19:32,1.3335,5
GUH9,19:51:05,1.2942,10
GUH9,20:01:42,1.3327,20
GUH9,20:02:51,1.2942,8
GUH9,20:21:35,1.2945,10
GUH9,20:31:02,1.3462,50
GUH9,20:34:02,1.2812,8
GUH9,21:23:13,1.2561,1
GUH9,23:12:49,1.3593,30
GUH9,23:13:19,1.3592,1
GUH9,23:13:19,1.2427,3
GUH9,23:32:44,1.3594,1
GUH9,23:39:52,1.2691,1
GUH9,23:49:37,1.2432,1
GUH9,10:00:56,1.2277,1
GUH9,10:02:33,1.2276,2
GUH9,10:02:33,1.3310,1
GUH9,10:03:08,1.2793,1
GUH9,10:03:41,1.3439,3
GUH9,10:05:19,1.3183,1
GUH9,10:05:35,1.2795,1
GUH9,10:05:39,1.3183,1
GUH9,10:05:54,1.2277,1
GUH9,10:06:19,1.3440,1
GUH9,10:06:44,1.3314,1
GUH9,10:06:48,1.3314,1
GUH9,10:06:53,1.3055,1
GUH9,10:08:38,1.3438,1
GUH9,10:09:31,1.2923,35
GUH9,10:12:28,1.3445,2
GUH9,10:12:28,1.3187,2
GUH9,10:14:43,1.2798,9
GUH9,10:19:17,1.2929,79
GUH9,10:24:09,1.2799,4
GUH9,10:24:09,1.3574,6
GUH9,10:24:49,1.2927,2
GUH9,10:26:58,1.2414,1
GUH9,10:27:22,1.2931,2
GUH9,10:27:28,1.3317,2
GUH9,10:28:27,1.3449,1
GUH9,10:28:27,1.3062,9
GUH9,10:29:00,1.3575,2
GUH9,10:32:06,1.3575,4
GUH9,10:35:38,1.3315,2
GUH9,10:35:58,1.2926,1
GUH9,10:41:49,1.2797,1
GUH9,10:55:55,1.2288,1
GUH9,10:57:51,1.2935,40
GUH9,11:07:36,1.3068,2
GUH9,11:11:08,1.3328,2
GUH9,11:11:08,1.3458,2
GUH9,11:24:07,1.3081,1
GUH9,11:25:43,1.2951,5
GUH9,11:25:43,1.3468,5
GUH9,11:25:46,1.3208,5
GUH9,11:26:21,1.2825,2
GUH9,11:30:28,1.2433,2
GUH9,11:30:28,1.3598,3
GUH9,11:30:28,1.2821,50
GUH9,11:37:50,1.3473,1
GUH9,11:40:19,1.2435,4
GUH9,11:40:19,1.3342,1
GUH9,11:40:37,1.3211,5
GUH9,11:40:43,1.3599,5
GUH9,11:40:43,1.2562,1
GUH9,11:40:52,1.3209,5
GUH9,11:40:56,1.3596,5
GUH9,11:41:19,1.2950,30
GUH9,11:43:37,1.2561,1
GUH9,11:45:03,1.3077,2
GUH9,11:48:09,1.3466,3
GUH9,11:51:10,1.3335,5
GUH9,11:51:21,1.3334,5
GUH9,11:52:25,1.3204,5
GUH9,11:53:00,1.2556,5
GUH9,11:54:06,1.3457,1
GUH9,11:55:03,1.3067,1
GUH9,11:55:03,1.3585,10
GUH9,11:55:03,1.3326,139
GUH9,11:56:02,1.2808,1
GUH9,11:57:05,1.3449,5
GUH9,11:59:34,1.3595,2
GUH9,11:59:34,1.3336,2
GUH9,11:59:34,1.2948,81
GUH9,11:59:34,1.2689,115
GUH9,12:00:41,1.3595,19
GUH9,12:05:21,1.2295,5
GUH9,12:07:23,1.3070,5
GUH9,12:07:26,1.2552,5
GUH9,12:09:26,1.2811,19
GUH9,12:09:26,1.3458,1
GUH9,12:11:48,1.2550,5
GUH9,12:13:37,1.3458,5
GUH9,12:13:37,1.3460,145
GUH9,12:13:37,1.3589,150
GUH9,12:23:15,1.3589,1
GUH9,12:25:00,1.2420,5
GUH9,12:27:34,1.2285,2
GUH9,12:27:34,1.2544,2
GUH9,12:27:34,1.3191,109
GUH9,12:27:34,1.2285,87
GUH9,12:29:50,1.3329,2
GUH9,12:29:50,1.3459,2
GUH9,12:29:54,1.3330,150
GUH9,12:29:54,1.2554,100
GUH9,12:29:55,1.3460,49
GUH9,12:30:04,1.3326,2
GUH9,12:30:04,1.3197,2
GUH9,12:31:09,1.3449,1
GUH9,12:34:09,1.2797,90
GUH9,12:38:00,1.3583,1
GUH9,12:40:24,1.2291,1
GUH9,12:55:28,1.2806,2
GUH9,12:56:56,1.3194,2
GUH9,13:15:05,1.3581,3
GUH9,13:43:33,1.2811,1
GUH9,13:47:43,1.2559,1
GUH9,13:47:46,1.3209,2
GUH9,13:48:02,1.3335,24
GUH9,13:48:30,1.2557,25
GUH9,13:50:10,1.2816,2
GUH9,13:50:10,1.2686,1
GUH9,13:50:10,1.2557,7
GUH9,13:51:42,1.3460,25
GUH9,13:59:00,1.2950,2
GUH9,14:10:55,1.2825,1
GUH9,14:10:55,1.3603,4
GUH9,14:10:55,1.2566,117
GUH9,14:11:21,1.2954,2
GUH9,14:11:57,1.2435,25
GUH9,14:12:14,1.3343,2
GUH9,14:12:14,1.2954,2
GUH9,14:15:55,1.3074,1
GUH9,14:16:24,1.2425,1
GUH9,14:18:22,1.2549,1
GUH9,14:19:35,1.3453,1
GUH9,14:20:21,1.2286,2
GUH9,14:20:21,1.2545,2
GUH9,14:20:21,1.2803,180
GUH9,14:20:30,1.3447,1
GUH9,14:20:56,1.2413,100
GUH9,14:21:17,1.2544,1
GUH9,14:21:18,1.3320,2
GUH9,14:21:19,1.2283,2
GUH9,14:21:19,1.2540,3
GUH9,14:22:40,1.3190,1
GUH9,14:22:40,1.2543,39
GUH9,14:24:58,1.3058,100
GUH9,14:29:32,1.3452,2
GUH9,14:31:10,1.2417,6
GUH9,14:35:34,1.3323,20
GUH9,14:36:58,1.2414,1
GUH9,14:36:58,1.3448,1
GUH9,14:37:17,1.2411,1
GUH9,14:41:25,1.2410,1
GUH9,14:42:41,1.3573,2
GUH9,14:42:41,1.2799,3
GUH9,14:45:35,1.2930,2
GUH9,15:19:22,1.3195,1
GUH9,15:19:22,1.2292,1
GUH9,15:19:22,1.3453,1
GUH9,15:19:23,1.3324,1
GUH9,15:19:23,1.3583,1
GUH9,15:19:25,1.3323,1
GUH9,15:19:25,1.3452,1
GUH9,15:19:25,1.2418,179
GUH9,15:19:26,1.3451,1
GUH9,15:19:28,1.3582,1
GUH9,15:19:30,1.3582,1
GUH9,15:19:33,1.2676,1
GUH9,15:19:37,1.2677,1
GUH9,15:19:38,1.2547,1
GUH9,15:19:39,1.2419,1
GUH9,15:19:40,1.2806,1
GUH9,15:19:43,1.2418,1
GUH9,15:19:45,1.2935,1
GUH9,15:19:49,1.2675,1
GUH9,15:19:49,1.3581,1
GUH9,15:19:54,1.3452,1
GUH9,15:20:01,1.3324,1
GUH9,15:20:02,1.2807,1
GUH9,15:20:05,1.2548,1
GUH9,15:20:18,1.2935,1
GUH9,15:20:19,1.2418,1
GUH9,15:20:21,1.3452,1
GUH9,15:20:22,1.3064,1
GUH9,15:20:23,1.2935,1
GUH9,15:20:23,1.3323,1
GUH9,15:20:26,1.3582,1
GUH9,15:20:27,1.3452,1
GUH9,15:20:27,1.2676,1
GUH9,15:21:33,1.2676,1
GUH9,15:21:34,1.2546,1
GUH9,15:21:35,1.3323,1
GUH9,15:21:38,1.3064,1
GUH9,15:21:44,1.2808,1
GUH9,15:21:45,1.2808,1
GUH9,15:21:46,1.2937,1
GUH9,15:21:47,1.3325,1
GUH9,15:21:48,1.3454,1
GUH9,15:21:49,1.2290,1
GUH9,15:21:54,1.3454,1
GUH9,15:21:55,1.3066,1
GUH9,15:21:55,1.3066,1
GUH9,15:21:56,1.3196,1
GUH9,15:21:56,1.3325,1
GUH9,15:21:57,1.2290,1
GUH9,15:21:58,1.3584,1
GUH9,15:21:58,1.2678,1
GUH9,15:21:59,1.2679,1
GUH9,15:22:01,1.2938,1
GUH9,15:22:07,1.2550,1
GUH9,15:22:09,1.2420,1
GUH9,15:22:10,1.2938,1
GUH9,15:22:10,1.2421,1
GUH9,15:22:11,1.2810,1
GUH9,15:22:12,1.2810,1
GUH9,15:22:12,1.2810,1
GUH9,15:22:13,1.2551,1
GUH9,15:22:14,1.2940,1
GUH9,15:22:14,1.2422,6
GUH9,15:22:26,1.2291,1
GUH9,15:22:47,1.3456,1
GUH9,15:22:48,1.2291,1
GUH9,15:22:48,1.3456,1
GUH9,15:22:49,1.3197,1
GUH9,15:22:50,1.3585,1
GUH9,15:22:51,1.2680,1
GUH9,15:22:53,1.2292,1
GUH9,15:22:53,1.2551,1
GUH9,15:22:54,1.3327,1
GUH9,15:22:56,1.2810,1
GUH9,15:33:26,1.3200,1
GUH9,15:44:19,1.3338,1
GUH9,15:44:20,1.2693,1
GUH9,15:46:25,1.3078,1
GUH9,15:46:27,1.2820,1
GUH9,15:46:31,1.2953,1
GUH9,15:46:34,1.3212,1
GUH9,15:46:35,1.3471,1
GUH9,15:46:36,1.2823,1
GUH9,15:46:37,1.3083,1
GUH9,15:46:38,1.2435,1
GUH9,15:46:39,1.2694,1
GUH9,15:46:40,1.3083,1
GUH9,15:46:40,1.2823,1
GUH9,15:51:31,1.3337,1
GUH9,15:51:44,1.2561,1
GUH9,15:52:19,1.3207,1
GUH9,15:53:13,1.2954,2
GUH9,15:53:13,1.2825,8
GUH9,15:56:52,1.2697,10
GUH9,15:56:52,1.2956,10
GUH9,15:57:17,1.2309,1
GUH9,15:57:17,1.2309,2
GUH9,15:57:17,1.3605,4
GUH9,15:57:17,1.3348,1
GUH9,15:57:17,1.3349,1
GUH9,15:57:17,1.3090,1
GUH9,15:57:19,1.2315,2
GUH9,15:57:19,1.2833,2
GUH9,15:57:28,1.2834,2
GUH9,15:57:28,1.2835,8
GUH9,15:57:55,1.3359,1
GUH9,15:57:55,1.2970,1
GUH9,15:57:55,1.2581,2
GUH9,15:58:03,1.3224,2
GUH9,15:58:03,1.3353,1
GUH9,15:59:14,1.3353,2
GUH9,15:59:14,1.3611,1
GUH9,15:59:14,1.3222,17
GUH9,16:00:04,1.3224,20
GUH9,16:00:50,1.2963,5
GUH9,16:01:28,1.2452,1
GUH9,16:01:39,1.3101,2
GUH9,16:01:39,1.3360,198
GUH9,16:01:53,1.3226,15
GUH9,16:02:01,1.2579,1
GUH9,16:02:03,1.2966,1
GUH9,16:02:20,1.3489,2
GUH9,16:02:20,1.3359,28
GUH9,16:04:07,1.2711,1
GUH9,16:04:51,1.2322,1
GUH9,16:05:19,1.3230,3
GUH9,16:05:35,1.2582,1
GUH9,16:05:35,1.3101,1
GUH9,16:06:27,1.2713,1
GUH9,16:06:39,1.3359,1
GUH9,16:06:49,1.3100,3
GUH9,16:07:05,1.2582,2
GUH9,16:08:01,1.3233,1
GUH9,16:08:02,1.2975,1
GUH9,16:08:26,1.2328,1
GUH9,16:08:26,1.3237,3
GUH9,16:08:34,1.2328,6
GUH9,16:09:08,1.3110,1
GUH9,16:09:09,1.3630,1
GUH9,16:09:09,1.3241,2
GUH9,16:09:09,1.3371,2
GUH9,16:09:46,1.2589,1
GUH9,16:09:46,1.3627,4
GUH9,16:09:46,1.3497,1
GUH9,16:09:46,1.2977,1
GUH9,16:09:46,1.2458,1
GUH9,16:09:58,1.3237,8
GUH9,16:10:00,1.3625,5
GUH9,16:10:28,1.2586,5
GUH9,16:16:41,1.2714,5
GUH9,16:16:41,1.2323,2
GUH9,16:16:41,1.3230,5
GUH9,16:16:41,1.3360,1
GUH9,16:16:41,1.2322,2
GUH9,16:17:57,1.2324,1
GUH9,16:18:50,1.3229,2
GUH9,16:21:41,1.3619,3
GUH9,16:25:04,1.3359,6
GUH9,16:26:06,1.3363,4
GUH9,16:26:16,1.3623,14
GUH9,16:26:21,1.3494,2
GUH9,16:26:21,1.3495,2
GUH9,16:26:50,1.2587,2
GUH9,16:26:57,1.3623,1
GUH9,16:27:01,1.3104,1
GUH9,16:27:15,1.2323,1
GUH9,16:27:49,1.3487,2
GUH9,16:27:49,1.3227,2
GUH9,16:27:49,1.2710,2
GUH9,16:27:59,1.3228,2
GUH9,16:28:00,1.3231,2
GUH9,16:31:03,1.2449,1
GUH9,16:31:28,1.2579,1
GUH9,16:31:28,1.3228,14
GUH9,16:35:10,1.2447,1
GUH9,16:35:19,1.2577,1
GUH9,16:36:27,1.2575,1
GUH9,16:36:27,1.3094,1
GUH9,16:38:56,1.3229,2
GUH9,16:47:08,1.3621,1
GUH9,16:49:03,1.3102,1
GUH9,16:51:35,1.3625,8
GUH9,16:57:15,1.3619,1
GUH9,17:00:30,1.3236,1
GUH9,17:00:54,1.2847,1
GUH9,17:10:40,1.3240,1
GUH9,17:10:40,1.3240,8
GUH9,17:10:40,1.2331,2
GUH9,17:10:55,1.2981,1
GUH9,17:10:55,1.2721,1
GUH9,17:12:37,1.3631,2
GUH9,17:13:06,1.3242,28
GUH9,17:13:06,1.2333,6
GUH9,17:16:44,1.2985,1
GUH9,17:16:45,1.2467,15
GUH9,17:16:45,1.2988,63
GUH9,17:16:45,1.2339,2
GUH9,17:16:46,1.3119,2
GUH9,17:16:46,1.2600,1
GUH9,17:17:29,1.2598,1
GUH9,17:17:32,1.3114,2
GUH9,17:17:36,1.2468,15
GUH9,17:17:49,1.3245,1
GUH9,17:17:49,1.3506,1
GUH9,17:18:50,1.2854,1
GUH9,17:20:14,1.3242,1
GUH9,17:20:15,1.2465,1
GUH9,17:22:49,1.2980,1
GUH9,17:26:16,1.2847,2
GUH9,17:27:07,1.2589,2
GUH9,17:34:46,1.2728,1
GUH9,17:35:24,1.3377,1
GUH9,17:35:33,1.3248,1
GUH9,17:35:57,1.2990,14
GUH9,17:35:57,1.2730,1
GUH9,17:36:18,1.3250,18
GUH9,17:38:22,1.2986,18
GUH9,17:46:19,1.2861,1
GUH9,17:46:19,1.2601,1
GUH9,17:46:19,1.3121,1
GUH9,17:46:35,1.2347,2
GUH9,17:46:35,1.3257,3
GUH9,17:46:35,1.2997,1
GUH9,17:46:36,1.2480,1
GUH9,17:46:36,1.3390,1
GUH9,17:46:36,1.2995,2
GUH9,17:46:36,1.2345,2
GUH9,17:46:36,1.2995,1
GUH9,17:46:37,1.2475,1
GUH9,17:46:39,1.2346,1
GUH9,17:47:35,1.3124,1
GUH9,17:48:13,1.2734,1
GUH9,17:48:22,1.2868,1
GUH9,17:48:22,1.2869,2
GUH9,17:48:25,1.3260,22
GUH9,17:48:25,1.2350,2
GUH9,17:48:25,1.3520,1
GUH9,17:48:25,1.3390,1
GUH9,17:48:26,1.2871,1
GUH9,17:48:26,1.2351,1
GUH9,17:48:30,1.2352,2
GUH9,17:48:30,1.3393,311
GUH9,17:48:47,1.2870,2
GUH9,17:48:54,1.3258,2
GUH9,17:49:06,1.2868,1
GUH9,17:49:54,1.2996,1
GUH9,17:55:17,1.3520,1
GUH9,17:55:17,1.3260,1
GUH9,17:55:17,1.2350,1
GUH9,17:55:17,1.2870,1
GUH9,17:55:17,1.2480,1
GUH9,17:55:17,1.2350,4
GUH9,17:55:45,1.3260,2
GUH9,17:55:45,1.2740,3
GUH9,17:56:31,1.3394,1
GUH9,17:56:36,1.3395,2
GUH9,17:57:40,1.2488,12
GUH9,17:57:40,1.3268,18
GUH9,17:57:46,1.2359,1
GUH9,17:57:47,1.3400,2
GUH9,17:58:34,1.3141,1
GUH9,17:58:39,1.2490,6
GUH9,17:58:39,1.3400,44
GUH9,17:58:46,1.2882,40
GUH9,17:58:46,1.3272,60
GUH9,17:59:07,1.3276,15
GUH9,17:59:25,1.3535,2
GUH9,17:59:25,1.2623,1
GUH9,18:00:51,1.2751,2
GUH9,18:01:34,1.3010,1
GUH9,18:01:59,1.3530,1
GUH9,18:02:23,1.3140,1
GUH9,18:03:09,1.3663,1
GUH9,18:03:39,1.3276,15
GUH9,18:03:39,1.3667,1
GUH9,18:04:08,1.2888,30
GUH9,18:04:08,1.3017,2
GUH9,18:06:33,1.2623,1
GUH9,18:06:34,1.2622,17
GUH9,18:06:34,1.2361,16
GUH9,18:06:34,1.2882,6
GUH9,18:06:34,1.3532,6
GUH9,18:06:34,1.3012,1
GUH9,18:06:34,1.2361,5
GUH9,18:06:34,1.3012,20
GUH9,18:06:34,1.2492,4
GUH9,18:06:34,1.2361,5
GUH9,18:06:34,1.3272,3
GUH9,18:06:34,1.2492,1
GUH9,18:06:34,1.2752,6
GUH9,18:06:36,1.3012,5
GUH9,18:06:36,1.2752,4
GUH9,18:06:36,1.3142,2
GUH9,18:06:36,1.2622,3
GUH9,18:06:36,1.3532,2
GUH9,18:07:03,1.2490,1
GUH9,18:07:03,1.3140,9
GUH9,18:07:12,1.3659,6
GUH9,18:07:12,1.2877,14
GUH9,18:07:33,1.3527,1
GUH9,18:08:01,1.2359,2
GUH9,18:08:01,1.3659,2
GUH9,18:08:53,1.2620,2
GUH9,18:10:28,1.3538,7
GUH9,18:12:09,1.2629,5
GUH9,18:12:09,1.2760,5
GUH9,18:12:45,1.2494,2
GUH9,18:12:45,1.2884,3
GUH9,18:12:48,1.3405,2
GUH9,18:12:48,1.2493,3
GUH9,18:12:57,1.2366,7
GUH9,18:13:36,1.3671,5
GUH9,18:13:36,1.3280,1
GUH9,18:13:38,1.3281,1
GUH9,18:13:38,1.3412,1
GUH9,18:13:38,1.3412,1
GUH9,18:14:21,1.3147,5
GUH9,18:15:15,1.3535,20
GUH9,18:19:16,1.2367,2
GUH9,18:21:56,1.2751,1
GUH9,18:24:23,1.3528,1
GUH9,18:24:23,1.3138,14
GUH9,18:24:34,1.3010,1
GUH9,18:25:03,1.3662,2
GUH9,18:25:37,1.3664,1
GUH9,18:27:35,1.3142,2
GUH9,18:30:09,1.3142,3
GUH9,18:35:16,1.2492,2
GUH9,18:35:16,1.3013,32
GUH9,18:42:17,1.3013,8
GUH9,18:42:17,1.2492,2
GUH9,18:42:18,1.2493,2
GUH9,18:42:22,1.3020,1
GUH9,18:42:32,1.3020,1
GUH9,18:43:20,1.2891,1
GUH9,18:43:20,1.3543,4
GUH9,18:43:38,1.3282,2
GUH9,18:43:54,1.3544,1
GUH9,18:44:00,1.2377,1
GUH9,18:44:04,1.3545,2
GUH9,18:44:48,1.3544,1
GUH9,18:44:48,1.3412,5
GUH9,19:00:00,1.3296,1
GUH9,19:00:00,1.3042,1
GUH9,19:00:01,1.3438,1
GUH9,19:00:07,1.3310,1
GUH9,19:00:16,1.2657,1
GUH9,19:00:19,1.3570,1
GUH9,19:00:23,1.3309,1
GUH9,19:00:25,1.2787,1
GUH9,19:00:28,1.3312,1
GUH9,19:00:28,1.3701,1
GUH9,19:00:28,1.3701,2
GUH9,19:00:29,1.3049,1
GUH9,19:00:31,1.3446,1
GUH9,19:00:35,1.3446,1
GUH9,19:00:37,1.2529,2
GUH9,19:01:34,1.3053,1
GUH9,19:01:40,1.3573,2
GUH9,19:02:30,1.2919,50
GUH9,19:02:43,1.3176,1
GUH9,19:03:00,1.2790,1
GUH9,19:03:00,1.2398,18
GUH9,19:04:39,1.2396,1
GUH9,19:04:50,1.2532,1
GUH9,19:04:57,1.3573,5
GUH9,19:05:10,1.3446,29
GUH9,19:05:10,1.3707,1
GUH9,19:05:56,1.3319,1
GUH9,19:06:50,1.2407,5
GUH9,19:07:53,1.3321,1
GUH9,19:08:59,1.3058,1
GUH9,19:09:13,1.2540,1
GUH9,19:09:30,1.3323,1
GUH9,19:09:31,1.2801,1
GUH9,19:09:38,1.3190,1
GUH9,19:09:49,1.2926,2
GUH9,19:10:43,1.3710,1
GUH9,19:11:56,1.2414,1
GUH9,19:11:56,1.2673,2
GUH9,19:12:58,1.3721,2
GUH9,19:14:34,1.3067,2
GUH9,19:15:05,1.2542,2
GUH9,19:16:18,1.3182,10
GUH9,19:19:01,1.2790,1
GUH9,19:19:02,1.3706,2
GUH9,19:22:41,1.2658,1
GUH9,19:24:06,1.2397,5
GUH9,19:25:52,1.3440,20
GUH9,19:29:35,1.3317,1
GUH9,19:29:35,1.2664,1
GUH9,19:29:35,1.3709,1
GUH9,19:29:35,1.2925,1
GUH9,19:30:02,1.3059,20
GUH9,19:31:59,1.2535,4
GUH9,19:32:00,1.2926,1
GUH9,19:33:35,1.2402,10
GUH9,19:33:49,1.2407,1
GUH9,19:35:01,1.3054,10
GUH9,19:36:06,1.2668,15
GUH9,19:36:39,1.3450,1
GUH9,19:36:47,1.2408,15
GUH9,19:37:08,1.2537,1
GUH9,19:37:39,1.2798,1
GUH9,19:37:57,1.3579,124
GUH9,19:37:57,1.2665,176
GUH9,19:39:09,1.2540,15
GUH9,19:43:56,1.3451,1
GUH9,19:45:13,1.3581,1
GUH9,19:47:29,1.2663,1
GUH9,19:58:09,1.2922,1
GUH9,20:10:23,1.2662,1
GUH9,20:17:54,1.2793,4
GUH9,20:18:17,1.3180,5
GUH9,20:18:20,1.3311,5
GUH9,20:19:58,1.3186,10
GUH9,20:22:01,1.2669,10
GUH9,20:26:53,1.2414,15
GUH9,20:29:38,1.3594,10
GUH9,20:29:51,1.3211,1
GUH9,20:29:51,1.3473,1
GUH9,20:29:51,1.2558,1
GUH9,20:29:51,1.2952,9
GUH9,20:29:52,1.2554,3
GUH9,20:30:30,1.3337,5
GUH9,20:31:31,1.3347,1
GUH9,20:32:40,1.3345,1
GUH9,20:32:50,1.3470,10
GUH9,20:33:44,1.3215,1
GUH9,20:33:53,1.3217,1
GUH9,20:34:12,1.2692,2
GUH9,20:35:22,1.2955,1
GUH9,20:37:20,1.3480,1
GUH9,20:42:27,1.3346,1
GUH9,20:44:32,1.3471,1
GUH9,20:44:32,1.3079,4
GUH9,20:45:48,1.3080,30
GUH9,20:48:27,1.2426,3
GUH9,20:49:32,1.3346,1
GUH9,20:49:32,1.2561,30
GUH9,20:50:51,1.3471,1
GUH9,20:52:16,1.3076,45
GUH9,20:56:38,1.2814,1
GUH9,21:00:22,1.3737,1
GUH9,21:00:42,1.3475,5
GUH9,21:00:52,1.2691,1
GUH9,21:01:24,1.2688,3
GUH9,21:02:36,1.2957,1
GUH9,21:04:58,1.2819,1
GUH9,21:05:51,1.3216,50
GUH9,21:40:35,1.3465,1
GUH9,21:54:30,1.3733,1
GUH9,22:03:25,1.2685,53
GUH9,22:10:58,1.2557,10
GUH9,22:25:24,1.3341,1
GUH9,22:28:39,1.2691,1
GUH9,22:28:39,1.2821,1
GUH9,22:28:56,1.3215,1
GUH9,22:29:13,1.3608,1
GUH9,22:36:59,1.3347,1
GUH9,22:42:50,1.3214,3
GUH9,22:45:57,1.2697,50
GUH9,22:45:57,1.3483,50
GUH9,22:45:58,1.2698,5
GUH9,22:53:46,1.3608,1
GUH9,23:08:32,1.2570,1
GUH9,23:08:32,1.3225,3
GUH9,23:15:12,1.2434,2
GUH9,23:15:13,1.3219,1
GUH9,23:29:49,1.3222,2
GUH9,23:30:55,1.3744,1
GUH9,23:36:18,1.2692,1
GUH9,23:42:08,1.3216,1
GUH9,23:45:21,1.2823,10
GUH9,23:45:42,1.2823,75
GUH9,10:00:00,1.2949,9
GUH9,10:00:00,1.2416,5
GUH9,10:00:22,1.2544,3
GUH9,10:00:53,1.3328,2
GUH9,10:00:53,1.3327,2
GUH9,10:00:53,1.3197,1
GUH9,10:00:55,1.2676,1
GUH9,10:00:55,1.3329,1
GUH9,10:01:11,1.3199,7
GUH9,10:01:45,1.2807,1
GUH9,10:01:57,1.2937,92
GUH9,10:01:57,1.2545,50
GUH9,10:05:32,1.3459,1
GUH9,10:05:43,1.2806,1
GUH9,10:06:00,1.3330,1
GUH9,10:06:00,1.3200,9
GUH9,10:06:26,1.2545,2
GUH9,10:06:26,1.2937,8
GUH9,10:06:32,1.3721,1
GUH9,10:07:52,1.2544,2
GUH9,10:08:09,1.2415,2
GUH9,10:08:09,1.2807,1
GUH9,10:08:09,1.2807,1
GUH9,10:08:43,1.2938,2
GUH9,10:11:46,1.2544,2
GUH9,10:11:46,1.2675,2
GUH9,10:12:10,1.3721,2
GUH9,10:14:54,1.3592,11
GUH9,10:18:33,1.2416,78
GUH9,10:18:33,1.2416,2
GUH9,10:18:33,1.2416,1
GUH9,10:18:56,1.3199,1
GUH9,10:23:59,1.2676,1
GUH9,10:23:59,1.3329,1
GUH9,10:24:37,1.2804,1
GUH9,10:24:37,1.3588,114
GUH9,10:24:37,1.3588,2
GUH9,10:27:10,1.3591,5
GUH9,10:29:46,1.2677,2
GUH9,10:29:46,1.2678,1
GUH9,10:29:46,1.3723,7
GUH9,10:33:14,1.3073,1
GUH9,10:34:16,1.3598,1
GUH9,10:36:22,1.2679,1
GUH9,10:37:03,1.3204,1
GUH9,10:37:59,1.3075,5
GUH9,10:50:18,1.2548,1
GUH9,10:51:13,1.3203,1
GUH9,10:59:21,1.3329,2
GUH9,10:59:49,1.2541,2
GUH9,10:59:49,1.3456,1
GUH9,11:01:08,1.3061,1
GUH9,11:01:16,1.2799,5
GUH9,11:02:27,1.3189,1
GUH9,11:03:13,1.3580,1
GUH9,11:04:19,1.3578,1
GUH9,11:07:54,1.2540,1
GUH9,11:08:02,1.3454,1
GUH9,11:19:24,1.2801,2
GUH9,11:22:48,1.3057,12
GUH9,11:23:28,1.3188,58
GUH9,11:23:28,1.2926,18
GUH9,11:23:28,1.3057,9
GUH9,11:26:53,1.2531,1
GUH9,11:26:54,1.2531,19
GUH9,11:26:54,1.2922,2
GUH9,11:26:59,1.2530,1
GUH9,11:26:59,1.3182,1
GUH9,11:26:59,1.2790,1
GUH9,11:26:59,1.3051,2
GUH9,11:32:27,1.3315,2
GUH9,11:35:02,1.3709,2
GUH9,11:38:01,1.3061,2
GUH9,11:39:00,1.3454,2
GUH9,11:39:00,1.3716,8
GUH9,11:43:12,1.2927,1
GUH9,11:44:12,1.3578,2
GUH9,11:44:12,1.3708,8
GUH9,11:46:47,1.3054,2
GUH9,11:46:47,1.2792,1
GUH9,11:46:47,1.2400,7
GUH9,11:48:36,1.2662,2
GUH9,11:51:06,1.2397,5
GUH9,11:51:16,1.2655,2
GUH9,11:51:16,1.2784,3
GUH9,11:51:17,1.2784,2
GUH9,11:52:41,1.2789,2
GUH9,11:54:38,1.2524,10
GUH9,11:54:53,1.3572,5
GUH9,12:01:39,1.3697,15
GUH9,12:03:25,1.3571,1
GUH9,12:05:50,1.2654,1
GUH9,12:05:50,1.3174,1
GUH9,12:05:50,1.3435,38
GUH9,12:08:49,1.2524,1
GUH9,12:08:49,1.2784,9
GUH9,12:09:38,1.3180,1
GUH9,12:12:04,1.3573,1
GUH9,12:12:29,1.2790,2
GUH9,12:21:18,1.3711,1
GUH9,12:22:44,1.3321,1
GUH9,12:27:28,1.3196,1
GUH9,12:27:28,1.3458,1
GUH9,12:30:24,1.2414,1
GUH9,12:30:24,1.3328,1
GUH9,12:31:32,1.2538,2
GUH9,12:31:32,1.2799,2
GUH9,12:33:46,1.2928,18
GUH9,12:35:10,1.3054,1
GUH9,12:35:10,1.3185,16
GUH9,12:37:42,1.2534,1
GUH9,12:44:42,1.2927,5
GUH9,12:44:48,1.2405,1
GUH9,12:45:08,1.2404,5
GUH9,12:46:54,1.2925,5
GUH9,12:50:23,1.2661,2
GUH9,12:55:54,1.3061,1
GUH9,13:00:40,1.2668,10
GUH9,13:00:43,1.2928,10
GUH9,13:00:46,1.2797,5
GUH9,13:00:47,1.2796,5
GUH9,13:01:13,1.3317,5
GUH9,13:02:22,1.2402,5
GUH9,13:11:38,1.2790,1
GUH9,13:16:59,1.3441,5
GUH9,13:18:21,1.3310,5
GUH9,13:31:01,1.2790,1
GUH9,13:39:29,1.3440,3
GUH9,13:40:13,1.2792,2
GUH9,13:40:13,1.2401,8
GUH9,13:40:16,1.3441,36
GUH9,13:45:05,1.2399,10
GUH9,13:55:27,1.3447,1
GUH9,14:05:01,1.3052,35
GUH9,14:08:15,1.2917,5
GUH9,14:08:37,1.2391,1
GUH9,14:08:37,1.3302,1
GUH9,14:08:37,1.3040,1
GUH9,14:08:41,1.3299,1
GUH9,14:08:41,1.3557,2
GUH9,14:08:41,1.3426,2
GUH9,14:08:41,1.3291,5
GUH9,14:08:41,1.3551,5
GUH9,14:08:41,1.2905,20
GUH9,14:08:42,1.2647,1
GUH9,14:08:53,1.3563,4
GUH9,14:08:53,1.3171,2
GUH9,14:09:29,1.3687,1
GUH9,14:09:53,1.3165,1
GUH9,14:10:17,1.2378,1
GUH9,14:10:17,1.3681,7
GUH9,14:10:17,1.3291,3
GUH9,14:10:37,1.3163,1
GUH9,14:13:13,1.2910,2
GUH9,14:13:13,1.3432,1
GUH9,14:24:59,1.3694,2
GUH9,14:31:01,1.3302,5
GUH9,14:36:43,1.3175,23
GUH9,14:36:57,1.3047,2
GUH9,14:37:08,1.3570,1
GUH9,14:37:40,1.2657,4
GUH9,14:37:46,1.2657,34
GUH9,14:41:31,1.3696,19
GUH9,14:49:34,1.2910,1
GUH9,14:49:34,1.2910,2
GUH9,14:49:34,1.3562,2
GUH9,14:58:22,1.3435,1
GUH9,15:00:48,1.3177,2
GUH9,15:03:53,1.3168,1
GUH9,15:04:47,1.3689,1
GUH9,15:04:47,1.2776,1
GUH9,15:05:31,1.2383,1
GUH9,15:09:46,1.3426,1
GUH9,15:09:51,1.3691,2
GUH9,15:10:14,1.3698,2
GUH9,15:10:14,1.2916,1
GUH9,15:10:26,1.2529,1
GUH9,15:12:13,1.3186,1
GUH9,15:13:09,1.2664,1
GUH9,15:14:47,1.2798,1
GUH9,15:20:38,1.2668,1
GUH9,15:21:09,1.3583,1
GUH9,15:21:49,1.3713,4
GUH9,15:21:49,1.3191,1
GUH9,15:23:30,1.3324,1
GUH9,15:23:30,1.3455,2
GUH9,15:23:30,1.2410,7
GUH9,15:25:20,1.3453,1
GUH9,15:26:15,1.2799,3
GUH9,15:26:15,1.3452,2
GUH9,15:26:19,1.2666,5
GUH9,15:32:03,1.2664,2
GUH9,15:39:26,1.2406,1
GUH9,15:40:27,1.3715,2
GUH9,15:40:27,1.2671,2
GUH9,15:40:47,1.2540,1
GUH9,15:40:47,1.3063,2
GUH9,15:41:48,1.3453,4
GUH9,15:42:21,1.2664,2
GUH9,15:42:21,1.2795,2
GUH9,15:44:06,1.2924,5
GUH9,16:04:20,1.3189,1
GUH9,16:04:42,1.3587,1
GUH9,16:05:07,1.2932,1
GUH9,16:12:24,1.2673,1
GUH9,16:15:55,1.3325,2
GUH9,16:15:55,1.2542,5
GUH9,16:16:26,1.2539,1
GUH9,16:22:46,1.3189,4
GUH9,16:25:28,1.3451,1
GUH9,16:30:23,1.3448,2
GUH9,16:30:23,1.2663,2
GUH9,16:30:42,1.2400,1
GUH9,16:30:42,1.2791,4
GUH9,16:31:46,1.2659,1
GUH9,16:43:19,1.3052,1
GUH9,16:57:39,1.3314,2
GUH9,16:59:17,1.3712,2
GUH9,16:59:17,1.3452,1
GUH9,17:00:45,1.2398,2
GUH9,17:00:45,1.3441,1
GUH9,17:01:12,1.3698,4
GUH9,17:02:08,1.3176,4
GUH9,17:03:22,1.3183,1
