SECID,TRADETIME,PRICE,QUANTITY
EDH9,19:05:00,1.1981,7
EDH9,19:05:00,1.1524,10
EDH9,19:05:00,1.1065,15
EDH9,19:05:00,1.1523,10
EDH9,19:05:00,1.1635,10
EDH9,19:05:00,1.0839,1
EDH9,19:05:01,1.0839,1
EDH9,19:05:02,1.1521,2
EDH9,19:05:02,1.1749,18
EDH9,19:05:02,1.0839,20
EDH9,19:05:05,1.1066,55
EDH9,19:05:05,1.1979,1
EDH9,19:05:07,1.1066,1
EDH9,19:05:07,1.1864,2
EDH9,19:05:07,1.1636,1
EDH9,19:05:11,1.1180,1
EDH9,19:05:12,1.1179,9
EDH9,19:05:12,1.0837,16
EDH9,19:05:12,1.1749,1
EDH9,19:05:12,1.1407,3
EDH9,19:05:13,1.1749,2
EDH9,19:05:13,1.1977,10
EDH9,19:05:17,1.1180,1
EDH9,19:05:18,1.1978,1
EDH9,19:05:23,1.1408,54
EDH9,19:05:23,1.1408,2
EDH9,19:05:23,1.1408,1
EDH9,19:05:23,1.0952,38
EDH9,19:05:23,1.1635,1
EDH9,19:05:29,1.1180,1
EDH9,19:05:32,1.1180,3
EDH9,19:05:32,1.1863,4
EDH9,19:05:37,1.1293,2
EDH9,19:05:37,1.0951,5
EDH9,19:05:39,1.1407,8
EDH9,19:05:40,1.0836,1
EDH9,19:05:40,1.1520,1
EDH9,19:05:40,1.1064,100
EDH9,19:05:43,1.1520,2
EDH9,19:05:53,1.1976,1
EDH9,19:05:55,1.1178,5
EDH9,19:05:56,1.1065,5
EDH9,19:05:56,1.1407,1
EDH9,19:06:01,1.1634,3
EDH9,19:06:02,1.0835,1
EDH9,19:06:05,1.1292,2
EDH9,19:06:08,1.1976,5
EDH9,19:06:11,1.0949,6
EDH9,19:06:11,1.1405,1
EDH9,19:06:14,1.1634,1
EDH9,19:06:17,1.1064,1
EDH9,19:06:21,1.1633,7
EDH9,19:06:21,1.0949,41
EDH9,19:06:21,1.1861,1
EDH9,19:06:21,1.1063,5
EDH9,19:06:26,1.1405,2
EDH9,19:06:26,1.1746,1
EDH9,19:06:26,1.1062,1
EDH9,19:06:26,1.1859,10
EDH9,19:06:26,1.1859,1
EDH9,19:06:26,1.1973,1
EDH9,19:06:26,1.0946,10
EDH9,19:06:26,1.0946,1
EDH9,19:06:26,1.1858,1
EDH9,19:06:26,1.1174,5
EDH9,19:06:26,1.1631,1
EDH9,19:06:27,1.0831,3
EDH9,19:06:28,1.1857,6
EDH9,19:06:32,1.1744,1
EDH9,19:06:34,1.1630,5
EDH9,19:06:34,1.1402,2
EDH9,19:06:34,1.1516,150
EDH9,19:06:34,1.1402,4
EDH9,19:06:34,1.1288,60
EDH9,19:06:37,1.1973,1
EDH9,19:06:40,1.1288,1
EDH9,19:06:41,1.1059,1
EDH9,19:06:41,1.0945,1
EDH9,19:06:41,1.1401,7
EDH9,19:06:41,1.0832,1
EDH9,19:06:48,1.1744,1
EDH9,19:06:49,1.1060,3
EDH9,19:06:52,1.1515,1
EDH9,19:06:52,1.1971,1
EDH9,19:06:53,1.1858,5
EDH9,19:06:53,1.0946,38
EDH9,19:06:53,1.1744,107
EDH9,19:06:54,1.1629,1
EDH9,19:06:55,1.1631,1
EDH9,19:07:00,1.1403,1
EDH9,19:07:01,1.0946,7
EDH9,19:07:01,1.0946,2
EDH9,19:07:01,1.0832,3
EDH9,19:07:01,1.1288,7
EDH9,19:07:01,1.1288,21
EDH9,19:07:01,1.1516,3
EDH9,19:07:06,1.1630,2
EDH9,19:07:06,1.1516,13
EDH9,19:07:06,1.0946,13
EDH9,19:07:06,1.1060,2
EDH9,19:07:08,1.1174,1
EDH9,19:07:08,1.0832,1
EDH9,19:07:11,1.1858,5
EDH9,19:07:13,1.0947,1
EDH9,19:07:14,1.0832,45
EDH9,19:07:14,1.1858,1
EDH9,19:07:17,1.0946,8
EDH9,19:07:17,1.1174,60
EDH9,19:07:17,1.0946,2
EDH9,19:07:17,1.1060,28
EDH9,19:07:17,1.1402,13
EDH9,19:07:19,1.0946,1
EDH9,19:07:20,1.1060,1
EDH9,19:07:21,1.1287,1
EDH9,19:07:21,1.1629,1
EDH9,19:07:21,1.1743,3
EDH9,19:07:24,1.1402,1
EDH9,19:07:27,1.1744,4
EDH9,19:07:29,1.1288,1
EDH9,19:07:33,1.1403,1
EDH9,19:07:33,1.1745,2
EDH9,19:07:33,1.0946,2
EDH9,19:07:33,1.1743,37
EDH9,19:07:33,1.1629,30
EDH9,19:07:33,1.1287,60
EDH9,19:07:33,1.1743,1
EDH9,19:07:33,1.1401,1
EDH9,19:07:33,1.1743,5
EDH9,19:07:33,1.1287,91
EDH9,19:07:33,1.1743,125
EDH9,19:07:33,1.1743,39
EDH9,19:07:35,1.0832,2
EDH9,19:07:35,1.1174,1
EDH9,19:07:39,1.1517,44
EDH9,19:07:39,1.1175,30
EDH9,19:07:39,1.1745,9
EDH9,19:07:39,1.1745,1
EDH9,19:07:39,1.1517,3
EDH9,19:07:39,1.1403,2
EDH9,19:07:39,1.1061,3
EDH9,19:07:39,1.1403,2
EDH9,19:07:39,1.1973,1
EDH9,19:07:39,1.1403,1
EDH9,19:07:39,1.1175,3
EDH9,19:07:41,1.1859,1
EDH9,19:07:43,1.1175,1
EDH9,19:07:43,1.1745,60
EDH9,19:07:43,1.1745,2
EDH9,19:07:43,1.1175,37
EDH9,19:07:43,1.1973,7
EDH9,19:07:44,1.1859,30
EDH9,19:07:44,1.0833,1
EDH9,19:07:48,1.1061,1
EDH9,19:07:51,1.1289,3
EDH9,19:07:53,1.1403,1
EDH9,19:07:57,1.1403,1
EDH9,19:08:02,1.1175,1
EDH9,19:08:03,1.0832,2
EDH9,19:08:03,1.1174,1
EDH9,19:08:10,1.0947,1
EDH9,19:08:15,1.0947,1
EDH9,19:08:27,1.0832,1
EDH9,19:08:27,1.1630,4
EDH9,19:08:27,1.1175,1
EDH9,19:08:32,1.1743,2
EDH9,19:08:32,1.1059,18
EDH9,19:08:33,1.0946,1
EDH9,19:08:35,1.1858,59
EDH9,19:08:35,1.1402,18
EDH9,19:08:35,1.1402,18
EDH9,19:08:35,1.0832,29
EDH9,19:08:36,1.1629,39
EDH9,19:08:40,1.1972,2
EDH9,19:08:40,1.1516,1
EDH9,19:08:40,1.1516,9
EDH9,19:08:46,1.1858,1
EDH9,19:08:49,1.1971,21
EDH9,19:08:59,1.1971,35
EDH9,19:09:00,1.0831,6
EDH9,19:09:01,1.1857,2
EDH9,19:09:01,1.1629,61
EDH9,19:09:01,1.0945,60
EDH9,19:09:01,1.1173,60
EDH9,19:09:03,1.0944,1
EDH9,19:09:03,1.1742,1
EDH9,19:09:03,1.1514,20
EDH9,19:09:03,1.0944,1
EDH9,19:09:03,1.1286,37
EDH9,19:09:04,1.0830,3
EDH9,19:09:09,1.1400,2
EDH9,19:09:09,1.1856,8
EDH9,19:09:11,1.1172,10
EDH9,19:09:15,1.0945,2
EDH9,19:09:15,1.0831,10
EDH9,19:09:15,1.1401,21
EDH9,19:09:15,1.1857,3
EDH9,19:09:15,1.1971,4
EDH9,19:09:18,1.1060,1
EDH9,19:09:20,1.1059,1
EDH9,19:09:22,1.1971,1
EDH9,19:09:22,1.1857,1
EDH9,19:09:23,1.1516,5
EDH9,19:09:24,1.1174,1
EDH9,19:09:25,1.1059,3
EDH9,19:09:30,1.1288,1
EDH9,19:09:32,1.1287,1
EDH9,19:09:51,1.1402,1
EDH9,19:09:54,1.1857,16
EDH9,19:09:54,1.1857,30
EDH9,19:09:54,1.1287,1
EDH9,19:09:54,1.0945,5
EDH9,19:09:54,1.1743,2
EDH9,19:09:54,1.1629,1
EDH9,19:10:04,1.1971,2
EDH9,19:10:04,1.1059,3
EDH9,19:10:04,1.1401,2
EDH9,19:10:06,1.1516,1
EDH9,19:10:08,1.0832,1
EDH9,19:10:12,1.1743,1
EDH9,19:10:15,1.1059,30
EDH9,19:10:15,1.1971,1
EDH9,19:10:16,1.1514,3
EDH9,19:10:16,1.1058,2
EDH9,19:10:16,1.1172,1
EDH9,19:10:16,1.1856,1
EDH9,19:10:17,1.1057,1
EDH9,19:10:17,1.1171,1
EDH9,19:10:18,1.1513,1
EDH9,19:10:18,1.0941,12
EDH9,19:10:18,1.1283,6
EDH9,19:10:18,1.1625,1
EDH9,19:10:19,1.1512,6
EDH9,19:10:19,1.1169,1
EDH9,19:10:19,1.1739,2
EDH9,19:10:19,1.1396,5
EDH9,19:10:19,1.1054,10
EDH9,19:10:19,1.1168,5
EDH9,19:10:19,1.1966,2
EDH9,19:10:19,1.1966,1
EDH9,19:10:20,1.0827,1
EDH9,19:10:30,1.0939,30
EDH9,19:10:30,1.1395,70
EDH9,19:10:30,1.1509,66
EDH9,19:10:31,1.1509,87
EDH9,19:10:34,1.1169,2
EDH9,19:10:56,1.1625,2
EDH9,19:10:56,1.1511,3
EDH9,19:11:08,1.1398,1
EDH9,19:11:26,1.1284,1
EDH9,19:11:34,1.1170,1
EDH9,19:11:38,1.0941,1
EDH9,19:11:49,1.1626,1
EDH9,19:11:56,1.1169,10
EDH9,19:12:00,1.1852,1
EDH9,19:12:19,1.1284,2
EDH9,19:12:28,1.1853,1
EDH9,19:12:28,1.1283,9
EDH9,19:12:35,1.1168,1
EDH9,19:12:35,1.1852,1
EDH9,19:12:35,1.1282,2
EDH9,19:12:37,1.1168,1
EDH9,19:12:38,1.1738,2
EDH9,19:12:39,1.1053,26
EDH9,19:12:39,1.1282,9
EDH9,19:12:39,1.1054,9
EDH9,19:12:39,1.1966,73
EDH9,19:12:39,1.0826,26
EDH9,19:12:41,1.1852,2
EDH9,19:12:41,1.1054,1
EDH9,19:12:42,1.1740,1
EDH9,19:12:51,1.1739,1
EDH9,19:12:51,1.1853,1
EDH9,19:13:01,1.1741,1
EDH9,19:13:09,1.0826,2
EDH9,19:13:10,1.1397,2
EDH9,19:13:10,1.1169,1
EDH9,19:13:21,1.1284,1
EDH9,19:13:34,1.1056,1
EDH9,19:13:47,1.1513,1
EDH9,19:13:47,1.1513,1
EDH9,19:13:55,1.1285,2
EDH9,19:14:02,1.1399,1
EDH9,19:14:03,1.1057,6
EDH9,19:14:13,1.1399,10
EDH9,19:14:18,1.1285,1
EDH9,19:14:23,1.1170,2
EDH9,19:14:41,1.1627,8
EDH9,19:14:52,1.1968,3
EDH9,19:15:02,1.1625,1
EDH9,19:15:02,1.1511,2
EDH9,19:15:15,1.0942,1
EDH9,19:15:25,1.0828,1
EDH9,19:15:27,1.0829,5
EDH9,19:15:48,1.0830,5
EDH9,19:15:49,1.0830,1
EDH9,19:15:50,1.1514,5
EDH9,19:16:01,1.1400,1
EDH9,19:16:10,1.1629,9
EDH9,19:16:10,1.1743,1
EDH9,19:16:16,1.1971,10
EDH9,19:16:30,1.0830,30
EDH9,19:16:41,1.1400,1
EDH9,19:17:11,1.1971,6
EDH9,19:17:14,1.1173,4
EDH9,19:17:14,1.0945,4
EDH9,19:17:15,1.1858,1
EDH9,19:17:15,1.1858,1
EDH9,19:17:21,1.1971,1
EDH9,19:17:23,1.1401,1
EDH9,19:17:28,1.1173,1
EDH9,19:17:33,1.1058,2
EDH9,19:17:33,1.1742,1
EDH9,19:17:38,1.1514,10
EDH9,19:17:38,1.1058,5
EDH9,19:17:38,1.1172,1
EDH9,19:17:39,1.1970,2
EDH9,19:17:40,1.1971,1
EDH9,19:17:42,1.1856,1
EDH9,19:17:53,1.1057,9
EDH9,19:17:53,1.0829,1
EDH9,19:18:00,1.1740,5
EDH9,19:18:41,1.1857,5
EDH9,19:18:52,1.0831,9
EDH9,19:18:58,1.1857,4
EDH9,19:19:33,1.0945,1
EDH9,19:19:33,1.1971,1
EDH9,19:19:44,1.1629,1
EDH9,19:19:47,1.1857,2
EDH9,19:19:48,1.1058,5
EDH9,19:19:56,1.0831,1
EDH9,19:19:56,1.1515,4
EDH9,19:20:05,1.0831,3
EDH9,19:20:09,1.1856,1
EDH9,19:20:13,1.1287,1
EDH9,19:20:14,1.1857,1
EDH9,19:20:38,1.1630,3
EDH9,19:20:52,1.1972,2
EDH9,19:20:55,1.1287,1
EDH9,19:21:01,1.1401,2
EDH9,19:21:01,1.1629,11
EDH9,19:21:01,1.0945,2
EDH9,19:21:02,1.1629,3
EDH9,19:21:04,1.0832,1
EDH9,19:21:21,1.1288,5
EDH9,19:21:26,1.1174,1
EDH9,19:21:26,1.1060,2
EDH9,19:21:26,1.0946,54
EDH9,19:21:26,1.1516,3
EDH9,19:21:29,1.1289,1
EDH9,19:21:30,1.1403,1
EDH9,19:21:35,1.1517,1
EDH9,19:21:35,1.1973,5
EDH9,19:21:36,1.0833,22
EDH9,19:21:36,1.1745,1
EDH9,19:21:36,1.1175,7
EDH9,19:21:40,1.1403,1
EDH9,19:21:42,1.1060,1
EDH9,19:21:46,1.1403,1
EDH9,19:21:48,1.1175,1
EDH9,19:21:56,1.1289,7
EDH9,19:21:58,1.0947,10
EDH9,19:22:05,1.1858,4
EDH9,19:22:05,1.0832,1
EDH9,19:22:05,1.0946,1
EDH9,19:22:10,1.1403,7
EDH9,19:22:51,1.1404,2
EDH9,19:22:51,1.1860,8
EDH9,19:22:51,1.1518,1
EDH9,19:23:01,1.1063,1
EDH9,19:23:09,1.1633,5
EDH9,19:23:21,1.0834,33
EDH9,19:23:21,1.1746,85
EDH9,19:23:21,1.0834,15
EDH9,19:23:34,1.0948,50
EDH9,19:23:59,1.1517,2
EDH9,19:23:59,1.0833,2
EDH9,19:24:09,1.1744,5
EDH9,19:24:09,1.1516,1
EDH9,19:24:11,1.1745,5
EDH9,19:24:12,1.0832,1
EDH9,19:24:43,1.1860,1
EDH9,19:24:53,1.1632,1
EDH9,19:24:58,1.0834,1
EDH9,19:25:15,1.1176,2
EDH9,19:25:15,1.1518,1
EDH9,19:25:37,1.1632,5
EDH9,19:25:40,1.1061,7
EDH9,19:25:40,1.1517,1
EDH9,19:25:59,1.1857,1
EDH9,19:26:23,1.1516,2
EDH9,19:26:23,1.0832,3
EDH9,19:26:24,1.1972,1
EDH9,19:26:46,1.1629,2
EDH9,19:27:19,1.1174,50
EDH9,19:27:19,1.1174,2
EDH9,19:27:47,1.1289,1
EDH9,19:28:43,1.0946,1
EDH9,19:28:48,1.1971,29
EDH9,19:28:53,1.0832,20
EDH9,19:28:55,1.1401,2
EDH9,19:29:03,1.0831,2
EDH9,19:29:04,1.1400,4
EDH9,19:29:04,1.0944,1
EDH9,19:29:04,1.1172,1
EDH9,19:29:04,1.1514,10
EDH9,19:29:09,1.0830,1
EDH9,19:29:35,1.0943,10
EDH9,19:29:35,1.0828,2
EDH9,19:29:35,1.0942,3
EDH9,19:29:38,1.1969,1
EDH9,19:29:43,1.0943,1
EDH9,19:30:05,1.1513,2
EDH9,19:30:36,1.1513,2
EDH9,19:30:36,1.1969,31
EDH9,19:30:36,1.1627,54
EDH9,19:30:43,1.1284,8
EDH9,19:31:25,1.0943,2
EDH9,19:31:44,1.1512,1
EDH9,19:31:51,1.1055,5
EDH9,19:31:51,1.1511,2
EDH9,19:31:51,1.1738,1
EDH9,19:31:54,1.1396,1
EDH9,19:31:54,1.1396,9
EDH9,19:31:54,1.1852,1
EDH9,19:32:18,1.1624,1
EDH9,19:32:19,1.1396,5
EDH9,19:32:36,1.1283,1
EDH9,19:32:42,1.1967,2
EDH9,19:32:45,1.1284,1
EDH9,19:32:45,1.1968,2
EDH9,19:32:45,1.1512,7
EDH9,19:33:14,1.1284,2
EDH9,19:33:51,1.1397,2
EDH9,19:33:51,1.0941,1
EDH9,19:33:52,1.0942,2
EDH9,19:34:08,1.1511,2
EDH9,19:34:38,1.1851,1
EDH9,19:34:38,1.1737,2
EDH9,19:34:38,1.0825,1
EDH9,19:34:38,1.1737,6
EDH9,19:34:38,1.0825,4
EDH9,19:34:39,1.1623,1
EDH9,19:34:39,1.1623,1
EDH9,19:34:53,1.1625,3
EDH9,19:34:53,1.1967,3
EDH9,19:34:59,1.1624,1
EDH9,19:35:39,1.1965,3
EDH9,19:36:07,1.1510,4
EDH9,19:36:34,1.1510,2
EDH9,19:36:34,1.1054,3
EDH9,19:36:34,1.1054,1
EDH9,19:36:50,1.1395,1
EDH9,19:36:50,1.1509,1
EDH9,19:36:50,1.0939,1
EDH9,19:36:50,1.1509,1
EDH9,19:36:53,1.1509,4
EDH9,19:36:53,1.0825,10
EDH9,19:36:53,1.1167,1
EDH9,19:37:13,1.1282,1
EDH9,19:37:26,1.0825,2
EDH9,19:37:26,1.0939,5
EDH9,19:37:27,1.1168,1
EDH9,19:37:38,1.1396,2
EDH9,19:37:59,1.1395,5
EDH9,19:38:00,1.1281,1
EDH9,19:38:20,1.1851,4
EDH9,19:38:25,1.1395,2
EDH9,19:38:35,1.1965,1
EDH9,19:38:35,1.1167,1
EDH9,19:39:04,1.1965,1
EDH9,19:39:41,1.1624,1
EDH9,19:39:47,1.1509,1
EDH9,19:40:16,1.1739,2
EDH9,19:40:16,1.0941,1
EDH9,19:40:18,1.1625,1
EDH9,19:40:20,1.1967,1
EDH9,19:40:23,1.1397,1
EDH9,19:40:28,1.0941,1
EDH9,19:40:31,1.1853,1
EDH9,19:40:38,1.1624,1
EDH9,19:40:49,1.1624,9
EDH9,19:40:49,1.1966,1
EDH9,19:40:50,1.0940,2
EDH9,19:40:50,1.1054,3
EDH9,19:41:04,1.0940,3
EDH9,19:41:14,1.1965,3
EDH9,19:41:14,1.1623,3
EDH9,19:41:14,1.1965,20
EDH9,19:41:33,1.0938,1
EDH9,19:41:33,1.1280,3
EDH9,19:41:33,1.0938,1
EDH9,19:41:33,1.1166,7
EDH9,19:41:34,1.1737,1
EDH9,19:42:20,1.1281,10
EDH9,19:42:32,1.1623,1
EDH9,19:42:39,1.1964,1
EDH9,19:43:06,1.1166,1
EDH9,19:43:30,1.1738,2
EDH9,19:44:00,1.1850,1
EDH9,19:44:00,1.1052,9
EDH9,19:44:07,1.1396,19
EDH9,19:44:07,1.1054,2
EDH9,19:44:07,1.1054,37
EDH9,19:44:30,1.1739,2
EDH9,19:44:30,1.1169,58
EDH9,19:44:30,1.1397,60
EDH9,19:44:30,1.1739,20
EDH9,19:44:30,1.0827,1
EDH9,19:45:02,1.1627,1
EDH9,19:45:03,1.1855,1
EDH9,19:45:03,1.1627,1
EDH9,19:45:37,1.1968,2
EDH9,19:45:37,1.1740,3
EDH9,19:46:05,1.1056,1
EDH9,19:46:12,1.1968,1
EDH9,19:46:14,1.0942,11
EDH9,19:46:20,1.1056,1
EDH9,19:46:29,1.1169,2
EDH9,19:46:29,1.1283,5
EDH9,19:46:47,1.1853,2
EDH9,19:46:48,1.1055,13
EDH9,19:46:48,1.1169,10
EDH9,19:46:48,1.1739,2
EDH9,19:46:48,1.0827,8
EDH9,19:47:02,1.1968,1
EDH9,19:47:22,1.1740,1
EDH9,19:48:15,1.1168,6
EDH9,19:48:15,1.1624,6
EDH9,19:48:15,1.0940,4
EDH9,19:48:24,1.0939,1
EDH9,19:48:24,1.1281,1
EDH9,19:48:48,1.1396,2
EDH9,19:48:49,1.1965,2
EDH9,19:49:45,1.0941,99
EDH9,19:49:45,1.1853,60
EDH9,19:49:46,1.1398,1
EDH9,19:49:46,1.0943,1
EDH9,19:49:46,1.1970,2
EDH9,19:49:47,1.1171,2
EDH9,19:49:47,1.1855,2
EDH9,19:49:52,1.1626,10
EDH9,19:49:52,1.1626,10
EDH9,19:49:52,1.1740,10
EDH9,19:50:18,1.1169,2
EDH9,19:50:37,1.0942,3
EDH9,19:50:44,1.1168,5
EDH9,19:51:05,1.0938,5
EDH9,19:51:06,1.0938,1
EDH9,19:51:06,1.1279,1
EDH9,19:51:06,1.1735,29
EDH9,19:51:06,1.1165,1
EDH9,19:51:07,1.1735,16
EDH9,19:51:10,1.1394,3
EDH9,19:51:10,1.1508,2
EDH9,19:51:10,1.0824,5
EDH9,19:51:10,1.1051,11
EDH9,19:51:11,1.1849,2
EDH9,19:51:12,1.1848,1
EDH9,19:51:12,1.1734,1
EDH9,19:51:12,1.1278,1
EDH9,19:51:12,1.1277,1
EDH9,19:51:13,1.1734,2
EDH9,19:51:13,1.1620,4
EDH9,19:51:13,1.1962,3
EDH9,19:51:13,1.1278,3
EDH9,19:51:13,1.1620,3
EDH9,19:51:15,1.0935,6
EDH9,19:51:16,1.1050,64
EDH9,19:51:16,1.1164,14
EDH9,19:51:18,1.1848,5
EDH9,19:51:24,1.1620,10
EDH9,19:51:24,1.1392,6
EDH9,19:51:24,1.1392,16
EDH9,19:51:24,1.1050,5
EDH9,19:51:32,1.0821,13
EDH9,19:51:32,1.1049,1
EDH9,19:51:32,1.1961,1
EDH9,19:51:35,1.1162,1
EDH9,19:51:35,1.1618,5
EDH9,19:51:35,1.1960,10
EDH9,19:51:35,1.1390,1
EDH9,19:51:35,1.1732,25
EDH9,19:51:35,1.1732,1
EDH9,19:51:35,1.0934,5
EDH9,19:51:35,1.1276,1
EDH9,19:51:35,1.1732,1
EDH9,19:51:35,1.1276,10
EDH9,19:51:35,1.1276,30
EDH9,19:51:35,1.0934,4
EDH9,19:51:35,1.1960,9
EDH9,19:51:35,1.1048,6
EDH9,19:51:40,1.1048,1
EDH9,19:51:48,1.1846,1
EDH9,19:51:52,1.1503,8
EDH9,19:51:52,1.0933,1
EDH9,19:51:52,1.1617,1
EDH9,19:51:52,1.1958,15
EDH9,19:52:04,1.1846,1
EDH9,19:52:08,1.1162,59
EDH9,19:52:08,1.1846,1
EDH9,19:52:08,1.1960,14
EDH9,19:52:08,1.1618,3
EDH9,19:52:08,1.1276,3
EDH9,19:52:08,1.1618,5
EDH9,19:52:08,1.1277,4
EDH9,19:52:10,1.1846,10
EDH9,19:52:10,1.1276,2
EDH9,19:52:17,1.1504,1
EDH9,19:52:19,1.1503,7
EDH9,19:52:19,1.1161,2
EDH9,19:52:19,1.1957,1
EDH9,19:52:19,1.1730,1
EDH9,19:52:19,1.1274,3
EDH9,19:52:19,1.1730,1
EDH9,19:52:19,1.0932,2
EDH9,19:52:19,1.1844,4
EDH9,19:52:19,1.1957,1
EDH9,19:52:19,1.0819,3
EDH9,19:52:19,1.1046,3
EDH9,19:52:19,1.1844,2
EDH9,19:52:19,1.1160,2
EDH9,19:52:20,1.0932,6
EDH9,19:52:20,1.1273,9
EDH9,19:52:20,1.1387,21
EDH9,19:52:20,1.0818,1
EDH9,19:52:20,1.1273,1
EDH9,19:52:20,1.1615,3
EDH9,19:52:20,1.1501,1
EDH9,19:52:20,1.1842,5
EDH9,19:52:20,1.1273,5
EDH9,19:52:20,1.1501,11
EDH9,19:52:20,1.1955,1
EDH9,19:52:20,1.1614,2
EDH9,19:52:20,1.1501,2
EDH9,19:52:20,1.1842,3
EDH9,19:52:20,1.1615,1
EDH9,19:52:20,1.1159,6
EDH9,19:52:20,1.1615,1
EDH9,19:52:20,1.1273,6
EDH9,19:52:20,1.1955,8
EDH9,19:52:20,1.1955,1
EDH9,19:52:20,1.0817,2
EDH9,19:52:20,1.1044,1
EDH9,19:52:20,1.1955,2
EDH9,19:52:20,1.1272,2
EDH9,19:52:20,1.0931,19
EDH9,19:52:20,1.1728,27
EDH9,19:52:20,1.1158,28
EDH9,19:52:20,1.1044,19
EDH9,19:52:20,1.0817,6
EDH9,19:52:20,1.1158,2
EDH9,19:52:20,1.1044,8
EDH9,19:52:20,1.0817,3
EDH9,19:52:20,1.1841,7
EDH9,19:52:20,1.1271,1
EDH9,19:52:20,1.1385,1
EDH9,19:52:20,1.1840,5
EDH9,19:52:20,1.1499,1
EDH9,19:52:20,1.1499,1
EDH9,19:52:20,1.0816,1
EDH9,19:52:20,1.1385,30
EDH9,19:52:20,1.1727,3
EDH9,19:52:20,1.1840,75
EDH9,19:52:20,1.1385,2
EDH9,19:52:20,1.1727,4
EDH9,19:52:20,1.1385,7
EDH9,19:52:20,1.0816,62
EDH9,19:52:20,1.1271,34
EDH9,19:52:20,1.1613,2
EDH9,19:52:20,1.1272,10
EDH9,19:52:20,1.1043,10
EDH9,19:52:20,1.1043,2
EDH9,19:52:20,1.1043,10
EDH9,19:52:20,1.0930,1
EDH9,19:52:20,1.0816,1
EDH9,19:52:20,1.1157,1
EDH9,19:52:20,1.1043,3
EDH9,19:52:20,1.1954,2
EDH9,19:52:20,1.1953,2
EDH9,19:52:20,1.1499,3
EDH9,19:52:21,1.1498,1
EDH9,19:52:21,1.0929,1
EDH9,19:52:21,1.1611,2
EDH9,19:52:21,1.1724,25
EDH9,19:52:21,1.1611,1
EDH9,19:52:21,1.0814,1
EDH9,19:52:21,1.1042,1
EDH9,19:52:21,1.1497,1
EDH9,19:52:21,1.1155,1
EDH9,19:52:21,1.0814,6
EDH9,19:52:21,1.1610,1
EDH9,19:52:21,1.1951,1
EDH9,19:52:21,1.0927,1
EDH9,19:52:21,1.1723,5
EDH9,19:52:21,1.1496,52
EDH9,19:52:21,1.1723,6
EDH9,19:52:21,1.1382,54
EDH9,19:52:21,1.0813,133
EDH9,19:52:21,1.1382,77
EDH9,19:52:21,1.1610,48
EDH9,19:52:21,1.1381,1
EDH9,19:52:21,1.0926,1
EDH9,19:52:21,1.1836,20
EDH9,19:52:21,1.0926,1
EDH9,19:52:21,1.0926,1
EDH9,19:52:21,1.1153,2
EDH9,19:52:21,1.0812,1
EDH9,19:52:21,1.1381,1
EDH9,19:52:21,1.1950,72
EDH9,19:52:21,1.1495,178
EDH9,19:52:21,1.1267,9
EDH9,19:52:21,1.0812,93
EDH9,19:52:21,1.1267,2
EDH9,19:52:21,1.1609,30
EDH9,19:52:21,1.0812,10
EDH9,19:52:21,1.1609,3
EDH9,19:52:21,1.1722,10
EDH9,19:52:21,1.0925,7
EDH9,19:52:21,1.1835,1
EDH9,19:52:21,1.0925,9
EDH9,19:52:21,1.0811,10
EDH9,19:52:21,1.0925,1
EDH9,19:52:21,1.1721,5
EDH9,19:52:21,1.1721,3
EDH9,19:52:21,1.1039,2
EDH9,19:52:21,1.1835,1
EDH9,19:52:21,1.1949,1
EDH9,19:52:21,1.1152,1
EDH9,19:52:21,1.1949,1
EDH9,19:52:21,1.0925,1
EDH9,19:52:21,1.0925,7
EDH9,19:52:21,1.1494,81
EDH9,19:52:21,1.1152,31
EDH9,19:52:21,1.0925,12
EDH9,19:52:21,1.1608,19
EDH9,19:52:21,1.1039,10
EDH9,19:52:21,1.0924,1
EDH9,19:52:21,1.0811,24
EDH9,19:52:21,1.1721,5
EDH9,19:52:21,1.1380,45
EDH9,19:52:21,1.1381,2
EDH9,19:52:21,1.1381,1
EDH9,19:52:21,1.1152,2
EDH9,19:52:21,1.0925,29
EDH9,19:52:21,1.0810,1
EDH9,19:52:21,1.1607,1
EDH9,19:52:21,1.1834,2
EDH9,19:52:21,1.0924,5
EDH9,19:52:22,1.0925,47
EDH9,19:52:22,1.1949,26
EDH9,19:52:22,1.1266,5
EDH9,19:52:22,1.1152,17
EDH9,19:52:22,1.1380,1
EDH9,19:52:22,1.1494,10
EDH9,19:52:22,1.1721,20
EDH9,19:52:22,1.1494,3
EDH9,19:52:22,1.1950,50
EDH9,19:52:22,1.1381,3
EDH9,19:52:22,1.1950,19
EDH9,19:52:22,1.1496,60
EDH9,19:52:22,1.1042,3
EDH9,19:52:22,1.0928,3
EDH9,19:52:23,1.1724,72
EDH9,19:52:23,1.1042,2
EDH9,19:52:28,1.1612,1
EDH9,19:52:29,1.1951,30
EDH9,19:52:29,1.1268,72
EDH9,19:52:29,1.0813,2
EDH9,19:52:29,1.1382,46
EDH9,19:52:30,1.0813,72
EDH9,19:52:30,1.1837,2
EDH9,19:52:30,1.0927,2
EDH9,19:52:30,1.1951,18
EDH9,19:52:31,1.1383,10
EDH9,19:52:35,1.1611,2
EDH9,19:52:35,1.1155,72
EDH9,19:52:35,1.1383,60
EDH9,19:52:37,1.1497,4
EDH9,19:52:37,1.1838,60
EDH9,19:52:37,1.0814,61
EDH9,19:52:38,1.1384,1
EDH9,19:52:41,1.1043,2
EDH9,19:52:42,1.0930,1
EDH9,19:52:42,1.1269,2
EDH9,19:52:47,1.1953,2
EDH9,19:52:47,1.0929,18
EDH9,19:52:48,1.1156,3
EDH9,19:52:48,1.1839,1
EDH9,19:52:48,1.1156,11
EDH9,19:52:48,1.1953,14
EDH9,19:52:48,1.1726,26
EDH9,19:52:48,1.1042,60
EDH9,19:52:48,1.1270,2
EDH9,19:52:48,1.1726,12
EDH9,19:52:48,1.1498,10
EDH9,19:52:48,1.1726,2
EDH9,19:52:53,1.1499,2
EDH9,19:52:53,1.1954,1
EDH9,19:52:56,1.1155,10
EDH9,19:53:01,1.1271,1
EDH9,19:53:09,1.1726,1
EDH9,19:53:09,1.1612,1
EDH9,19:53:10,1.1839,15
EDH9,19:53:16,1.0929,7
EDH9,19:53:21,1.1156,2
EDH9,19:53:40,1.1838,5
EDH9,19:53:40,1.1838,1
EDH9,19:53:43,1.1269,2
EDH9,19:53:43,1.1611,1
EDH9,19:53:43,1.1611,5
EDH9,19:53:50,1.1495,1
EDH9,19:53:50,1.1495,2
EDH9,19:53:50,1.1950,6
EDH9,19:53:51,1.1041,72
EDH9,19:53:51,1.1610,60
EDH9,19:53:51,1.1382,2
EDH9,19:53:51,1.1723,66
EDH9,19:53:52,1.1041,2
EDH9,19:53:54,1.1382,1
EDH9,19:53:55,1.1383,1
EDH9,19:54:03,1.1724,3
EDH9,19:54:03,1.1155,3
EDH9,19:54:03,1.1042,3
EDH9,19:54:10,1.0813,1
EDH9,19:54:16,1.1041,3
EDH9,19:54:16,1.0927,3
EDH9,19:54:16,1.1610,3
EDH9,19:54:20,1.1040,30
EDH9,19:54:20,1.1381,1
EDH9,19:54:20,1.0926,15
EDH9,19:54:21,1.1039,20
EDH9,19:54:21,1.0925,2
EDH9,19:54:21,1.1835,10
EDH9,19:54:21,1.1266,18
EDH9,19:54:21,1.1495,1
EDH9,19:54:26,1.1496,1
EDH9,19:54:28,1.1495,2
EDH9,19:54:28,1.1836,1
EDH9,19:54:29,1.1722,1
EDH9,19:54:29,1.1608,4
EDH9,19:54:29,1.1266,1
EDH9,19:54:29,1.1721,1
EDH9,19:54:29,1.1608,2
EDH9,19:54:29,1.1721,72
EDH9,19:54:29,1.1493,1
EDH9,19:54:29,1.1948,2
EDH9,19:54:29,1.1720,54
EDH9,19:54:29,1.1834,19
EDH9,19:54:29,1.1379,18
EDH9,19:54:30,1.1037,1
EDH9,19:54:30,1.0809,1
EDH9,19:54:30,1.1492,1
EDH9,19:54:30,1.1492,1
EDH9,19:54:30,1.1264,50
EDH9,19:54:30,1.0809,2
EDH9,19:54:30,1.1833,4
EDH9,19:54:30,1.0923,20
EDH9,19:54:30,1.1719,19
EDH9,19:54:30,1.1150,55
EDH9,19:54:30,1.1036,2
EDH9,19:54:30,1.1946,2
EDH9,19:54:30,1.0922,2
EDH9,19:54:30,1.0922,4
EDH9,19:54:30,1.1605,1
EDH9,19:54:30,1.1605,1
EDH9,19:54:30,1.1832,2
EDH9,19:54:30,1.0922,6
EDH9,19:54:30,1.0922,3
EDH9,19:54:30,1.1832,61
EDH9,19:54:30,1.0922,30
EDH9,19:54:30,1.1377,75
EDH9,19:54:30,1.0808,50
EDH9,19:54:30,1.1376,1
EDH9,19:54:30,1.1831,1
EDH9,19:54:30,1.1945,5
EDH9,19:54:30,1.1604,1
EDH9,19:54:30,1.1489,1
EDH9,19:54:30,1.1830,1
EDH9,19:54:30,1.1261,5
EDH9,19:54:30,1.0920,1
EDH9,19:54:30,1.1147,1
EDH9,19:54:30,1.1375,1
EDH9,19:54:30,1.0920,1
EDH9,19:54:30,1.1374,4
EDH9,19:54:30,1.1488,2
EDH9,19:54:30,1.1374,1
EDH9,19:54:30,1.1943,1
EDH9,19:54:30,1.1829,1
EDH9,19:54:30,1.0805,1
EDH9,19:54:30,1.1944,10
EDH9,19:54:30,1.1830,3
EDH9,19:54:30,1.1601,1
EDH9,19:54:30,1.1943,1
EDH9,19:54:30,1.1715,1
EDH9,19:54:30,1.0806,1
EDH9,19:54:31,1.1376,5
EDH9,19:54:31,1.1489,4
EDH9,19:54:31,1.0807,2
EDH9,19:54:33,1.1491,30
EDH9,19:54:33,1.1718,70
EDH9,19:54:34,1.0808,1
EDH9,19:54:34,1.1148,2
EDH9,19:54:35,1.0809,1
EDH9,19:54:40,1.1037,9
EDH9,19:54:41,1.0808,10
EDH9,19:54:41,1.1833,1
EDH9,19:54:47,1.1606,1
EDH9,19:54:52,1.1378,1
EDH9,19:54:58,1.1607,10
EDH9,19:55:00,1.1152,2
EDH9,19:55:01,1.1494,1
EDH9,19:55:05,1.1039,1
EDH9,19:55:06,1.1153,1
EDH9,19:55:08,1.1379,3
EDH9,19:55:08,1.1379,60
EDH9,19:55:08,1.1493,62
EDH9,19:55:08,1.1038,8
EDH9,19:55:11,1.1833,1
EDH9,19:55:11,1.1719,1
EDH9,19:55:13,1.0809,7
EDH9,19:55:13,1.0923,2
EDH9,19:55:13,1.1719,1
EDH9,19:55:16,1.0920,4
EDH9,19:55:16,1.1147,1
EDH9,19:55:16,1.1147,2
EDH9,19:55:16,1.1601,3
EDH9,19:55:17,1.1147,2
EDH9,19:55:18,1.1376,1
EDH9,19:55:20,1.1036,1
EDH9,19:55:21,1.1718,1
EDH9,19:55:21,1.1490,2
EDH9,19:55:21,1.1376,18
EDH9,19:55:25,1.0808,2
EDH9,19:55:25,1.1377,18
EDH9,19:55:30,1.1718,1
EDH9,19:55:31,1.1263,3
EDH9,19:55:31,1.1491,1
EDH9,19:55:34,1.1605,1
EDH9,19:55:45,1.1150,1
EDH9,19:55:46,1.1264,1
EDH9,19:55:47,1.1378,2
EDH9,19:55:47,1.1492,1
EDH9,19:55:49,1.1378,1
EDH9,19:55:51,1.1037,1
EDH9,19:56:02,1.1037,1
EDH9,19:56:02,1.1037,2
EDH9,19:56:07,1.1265,6
EDH9,19:56:08,1.1151,1
EDH9,19:56:09,1.1264,1
EDH9,19:56:12,1.1265,1
EDH9,19:56:12,1.0810,1
EDH9,19:56:19,1.1038,1
EDH9,19:56:24,1.1834,1
EDH9,19:56:24,1.1720,1
EDH9,19:56:24,1.1038,1
EDH9,19:56:25,1.1493,5
EDH9,19:56:40,1.1606,1
EDH9,19:56:46,1.0809,2
EDH9,19:56:50,1.1719,10
EDH9,19:56:53,1.1038,2
EDH9,19:56:54,1.1151,1
EDH9,19:56:55,1.1152,1
EDH9,19:56:58,1.1266,7
EDH9,19:56:58,1.0925,10
EDH9,19:56:58,1.1949,60
EDH9,19:56:58,1.1835,19
EDH9,19:56:58,1.1835,4
EDH9,19:56:59,1.1494,20
EDH9,19:56:59,1.1266,4
EDH9,19:57:01,1.1152,1
EDH9,19:57:04,1.1949,1
EDH9,19:57:07,1.1721,1
EDH9,19:57:07,1.1039,11
EDH9,19:57:08,1.1039,1
EDH9,19:57:13,1.1039,1
EDH9,19:57:17,1.1608,1
EDH9,19:57:18,1.1607,20
EDH9,19:57:18,1.1151,40
EDH9,19:57:18,1.0810,1
EDH9,19:57:18,1.1492,7
EDH9,19:57:23,1.1833,1
EDH9,19:57:23,1.1833,1
EDH9,19:57:29,1.1833,1
EDH9,19:57:30,1.1719,1
EDH9,19:57:38,1.1717,1
EDH9,19:57:40,1.1717,1
EDH9,19:57:42,1.1263,5
EDH9,19:58:07,1.0808,2
EDH9,19:58:25,1.1151,1
EDH9,19:58:26,1.0923,1
EDH9,19:58:27,1.1947,1
EDH9,19:58:27,1.0923,1
EDH9,19:58:27,1.0923,1
EDH9,19:58:28,1.1946,1
EDH9,19:58:28,1.1378,3
EDH9,19:58:29,1.1947,1
EDH9,19:58:31,1.1833,1
EDH9,19:58:31,1.1036,9
EDH9,19:58:31,1.1263,28
EDH9,19:58:31,1.1149,13
EDH9,19:58:31,1.1263,1
EDH9,19:58:31,1.1377,1
EDH9,19:58:31,1.1491,9
EDH9,19:58:31,1.1491,6
EDH9,19:58:31,1.1377,13
EDH9,19:58:32,1.1378,1
EDH9,19:58:33,1.1606,1
EDH9,19:58:34,1.1377,1
EDH9,19:58:34,1.1150,1
EDH9,19:58:36,1.0808,1
EDH9,19:58:41,1.0922,4
EDH9,19:59:41,1.1377,5
EDH9,19:59:42,1.0922,1
EDH9,19:59:42,1.1491,2
EDH9,19:59:46,1.1264,3
EDH9,19:59:55,1.1832,1
EDH9,19:59:57,1.0922,10
EDH9,19:59:59,1.1944,1
EDH9,19:59:59,1.1603,1
EDH9,19:59:59,1.1830,72
EDH9,20:00:03,1.1490,70
EDH9,20:00:04,1.1489,60
EDH9,20:00:04,1.1034,12
EDH9,20:00:04,1.0806,2
EDH9,20:00:06,1.1716,1
EDH9,20:00:10,1.1716,1
EDH9,20:00:16,1.1601,2
EDH9,20:00:16,1.1260,1
EDH9,20:00:16,1.1829,6
EDH9,20:00:17,1.1830,1
EDH9,20:00:21,1.1261,2
EDH9,20:00:24,1.1943,26
EDH9,20:00:27,1.1943,2
EDH9,20:00:27,1.1488,2
EDH9,20:00:27,1.0920,3
EDH9,20:00:28,1.1147,3
EDH9,20:00:30,1.1374,2
EDH9,20:00:31,1.1147,6
EDH9,20:00:35,1.1601,1
EDH9,20:00:36,1.1716,2
EDH9,20:00:43,1.1718,1
EDH9,20:00:43,1.1377,1
EDH9,20:00:47,1.1262,179
EDH9,20:00:51,1.1945,1
EDH9,20:00:53,1.1717,1
EDH9,20:00:54,1.1489,3
EDH9,20:01:23,1.1033,8
EDH9,20:01:24,1.0920,1
EDH9,20:01:25,1.1603,10
EDH9,20:01:28,1.1603,13
EDH9,20:01:48,1.0807,5
EDH9,20:01:49,1.1830,1
EDH9,20:01:49,1.1147,5
EDH9,20:01:50,1.0919,1
EDH9,20:02:06,1.1489,2
EDH9,20:02:13,1.1263,1
EDH9,20:02:17,1.0923,1
EDH9,20:02:28,1.1946,1
EDH9,20:02:29,1.0922,1
EDH9,20:02:29,1.1605,59
EDH9,20:02:29,1.1832,74
EDH9,20:02:29,1.1491,1
EDH9,20:02:29,1.1149,2
EDH9,20:02:29,1.1947,3
EDH9,20:02:29,1.1719,60
EDH9,20:02:29,1.1264,2
EDH9,20:02:29,1.1833,19
EDH9,20:02:29,1.0923,31
EDH9,20:02:29,1.1947,400
EDH9,20:02:29,1.0809,125
EDH9,20:02:29,1.1606,44
EDH9,20:02:29,1.1719,180
EDH9,20:02:30,1.1491,2
EDH9,20:02:32,1.1946,15
EDH9,20:02:32,1.1148,1
EDH9,20:02:36,1.1717,1
EDH9,20:02:42,1.1831,2
EDH9,20:02:44,1.1604,100
EDH9,20:02:49,1.1945,5
EDH9,20:02:49,1.1375,1
EDH9,20:02:49,1.1489,2
EDH9,20:02:49,1.0806,1
EDH9,20:02:50,1.1262,100
EDH9,20:02:52,1.1601,3
EDH9,20:02:52,1.1374,1
EDH9,20:02:52,1.1715,2
EDH9,20:02:54,1.1489,5
EDH9,20:02:54,1.0918,3
EDH9,20:02:54,1.0804,1
EDH9,20:02:54,1.1828,40
EDH9,20:02:54,1.0918,250
EDH9,20:02:54,1.1146,1
EDH9,20:02:54,1.1714,2
EDH9,20:02:54,1.1259,1
EDH9,20:02:59,1.0917,1
EDH9,20:02:59,1.1372,1
EDH9,20:02:59,1.1372,16
EDH9,20:03:03,1.1487,1
EDH9,20:03:04,1.1715,75
EDH9,20:03:04,1.1488,25
EDH9,20:03:05,1.1603,5
EDH9,20:03:07,1.1374,143
EDH9,20:03:07,1.1260,60
EDH9,20:03:07,1.1829,60
EDH9,20:03:07,1.1943,2
EDH9,20:03:07,1.1260,3
EDH9,20:03:07,1.1601,10
EDH9,20:03:07,1.0805,21
EDH9,20:03:10,1.1828,7
EDH9,20:03:12,1.1490,1
EDH9,20:03:13,1.1717,1
EDH9,20:03:16,1.1375,3
EDH9,20:03:26,1.1488,2
EDH9,20:03:26,1.0805,8
EDH9,20:03:27,1.0919,5
EDH9,20:03:27,1.1829,51
EDH9,20:03:27,1.1601,5
EDH9,20:03:27,1.1715,1
EDH9,20:03:27,1.0919,7
EDH9,20:03:40,1.1147,2
EDH9,20:03:43,1.1830,2
EDH9,20:03:43,1.1716,48
EDH9,20:03:50,1.1944,5
EDH9,20:03:56,1.1603,7
EDH9,20:03:56,1.1944,2
EDH9,20:03:56,1.1147,41
EDH9,20:03:56,1.1944,1
EDH9,20:03:59,1.1147,15
EDH9,20:04:08,1.1603,5
EDH9,20:04:09,1.1374,1
EDH9,20:04:15,1.1716,3
EDH9,20:04:19,1.1944,1
EDH9,20:04:27,1.1147,25
EDH9,20:04:28,1.0919,1
EDH9,20:04:30,1.1603,10
EDH9,20:04:31,1.1829,20
EDH9,20:04:31,1.1601,19
EDH9,20:04:31,1.0919,60
EDH9,20:04:31,1.1715,2
EDH9,20:04:31,1.1601,2
EDH9,20:04:31,1.1488,1
EDH9,20:04:34,1.1943,1
EDH9,20:04:35,1.1146,5
EDH9,20:04:40,1.1601,1
EDH9,20:04:40,1.0805,24
EDH9,20:04:40,1.1488,19
EDH9,20:04:40,1.1829,19
EDH9,20:04:40,1.1147,83
EDH9,20:04:40,1.1488,19
EDH9,20:04:41,1.1033,84
EDH9,20:04:57,1.1374,1
EDH9,20:05:27,1.0804,12
EDH9,20:05:27,1.1487,1
EDH9,20:05:27,1.1032,1
EDH9,20:05:33,1.1941,234
EDH9,20:05:33,1.1713,1
EDH9,20:05:33,1.1031,1
EDH9,20:05:33,1.1371,1
EDH9,20:05:33,1.1712,15
EDH9,20:05:33,1.1257,1
EDH9,20:05:33,1.0803,1
EDH9,20:05:35,1.1826,4
EDH9,20:05:35,1.1940,5
EDH9,20:05:35,1.1940,1
EDH9,20:05:35,1.1712,1
EDH9,20:05:35,1.1598,250
EDH9,20:05:35,1.1144,2
EDH9,20:05:37,1.1711,1
EDH9,20:05:37,1.0801,1
EDH9,20:05:37,1.0801,1
EDH9,20:05:37,1.1256,10
EDH9,20:05:37,1.1825,5
EDH9,20:05:37,1.1143,1
EDH9,20:05:37,1.0801,1
EDH9,20:05:37,1.1825,2
EDH9,20:05:37,1.1597,1
EDH9,20:05:37,1.1939,1
EDH9,20:05:37,1.0915,5
EDH9,20:05:37,1.1711,21
EDH9,20:05:37,1.1826,5
EDH9,20:05:37,1.1370,3
EDH9,20:05:38,1.0915,1
EDH9,20:05:38,1.1597,1
EDH9,20:05:38,1.1256,1
EDH9,20:05:38,1.1370,1
EDH9,20:05:38,1.1485,15
EDH9,20:05:46,1.1257,98
EDH9,20:05:46,1.1030,2
EDH9,20:05:51,1.0802,2
EDH9,20:05:51,1.1940,8
EDH9,20:05:56,1.1029,4
EDH9,20:05:56,1.0801,10
EDH9,20:05:56,1.1484,5
EDH9,20:05:56,1.1939,5
EDH9,20:05:56,1.1370,1
EDH9,20:05:56,1.1939,250
EDH9,20:05:56,1.1939,2
EDH9,20:05:56,1.1256,2
EDH9,20:05:56,1.1711,2
EDH9,20:05:57,1.1143,2
EDH9,20:06:00,1.1710,1
EDH9,20:06:00,1.1028,2
EDH9,20:06:00,1.1255,1
EDH9,20:06:00,1.1028,1
EDH9,20:06:00,1.1937,5
EDH9,20:06:04,1.1712,1
EDH9,20:06:12,1.0916,3
EDH9,20:06:27,1.1258,10
EDH9,20:06:28,1.1599,23
EDH9,20:06:28,1.1372,2
EDH9,20:06:33,1.1941,1
EDH9,20:06:34,1.1940,70
EDH9,20:06:43,1.1825,10
EDH9,20:06:45,1.0915,1
EDH9,20:06:46,1.1596,7
EDH9,20:06:52,1.1143,1
EDH9,20:06:55,1.1937,2
EDH9,20:07:01,1.1825,1
EDH9,20:07:04,1.1826,1
EDH9,20:07:11,1.1712,1
EDH9,20:07:15,1.0802,1
EDH9,20:07:21,1.1370,2
EDH9,20:07:30,1.1143,1
EDH9,20:07:39,1.1370,5
EDH9,20:07:50,1.0801,1
EDH9,20:07:50,1.0801,11
EDH9,20:08:01,1.0915,3
EDH9,20:08:12,1.1256,1
EDH9,20:08:18,1.1940,1
EDH9,20:08:20,1.1826,3
EDH9,20:08:27,1.1711,35
EDH9,20:08:30,1.0915,2
EDH9,20:08:30,1.0801,10
EDH9,20:08:30,1.1370,15
EDH9,20:08:30,1.0915,5
EDH9,20:08:35,1.1371,1
EDH9,20:08:55,1.1712,5
EDH9,20:08:59,1.1030,1
EDH9,20:09:13,1.1826,3
EDH9,20:09:13,1.1712,2
EDH9,20:09:15,1.1257,3
EDH9,20:09:15,1.1598,3
EDH9,20:09:15,1.1826,30
EDH9,20:09:15,1.1598,3
EDH9,20:09:15,1.0802,7
EDH9,20:09:15,1.1826,3
EDH9,20:09:15,1.1598,2
EDH9,20:09:17,1.1711,50
EDH9,20:09:17,1.0801,5
EDH9,20:09:17,1.1597,5
EDH9,20:09:17,1.1484,20
EDH9,20:09:17,1.1597,6
EDH9,20:09:17,1.1825,1
EDH9,20:09:17,1.1370,10
EDH9,20:09:18,1.1030,2
EDH9,20:09:30,1.1598,1
EDH9,20:09:30,1.1598,10
EDH9,20:09:34,1.1825,1
EDH9,20:09:34,1.1939,5
EDH9,20:09:35,1.1485,1
EDH9,20:09:41,1.1029,10
EDH9,20:09:41,1.1029,60
EDH9,20:09:41,1.0915,2
EDH9,20:09:42,1.1256,10
EDH9,20:10:26,1.1484,20
EDH9,20:10:27,1.1143,1
EDH9,20:10:29,1.1940,1
EDH9,20:10:40,1.1370,1
EDH9,20:10:41,1.1825,5
EDH9,20:10:42,1.1370,5
EDH9,20:10:43,1.1939,10
EDH9,20:10:46,1.1370,1
EDH9,20:10:48,1.1256,1
EDH9,20:10:51,1.0915,2
EDH9,20:10:52,1.1369,3
EDH9,20:10:52,1.1483,50
EDH9,20:10:52,1.1596,50
EDH9,20:10:52,1.1028,1
EDH9,20:10:52,1.1483,36
EDH9,20:10:58,1.1143,1
EDH9,20:10:59,1.1596,1
EDH9,20:11:03,1.1028,5
EDH9,20:11:03,1.1369,101
EDH9,20:11:11,1.1027,1
EDH9,20:11:11,1.0800,1
EDH9,20:11:11,1.1143,1
EDH9,20:11:11,1.1254,1
EDH9,20:11:11,1.1595,5
EDH9,20:11:28,1.1256,2
EDH9,20:11:34,1.0801,15
EDH9,20:11:36,1.1711,3
EDH9,20:11:36,1.1256,2
EDH9,20:11:37,1.0801,1
EDH9,20:11:38,1.1143,1
EDH9,20:11:39,1.1370,2
EDH9,20:11:43,1.1029,21
EDH9,20:11:49,1.1711,1
EDH9,20:11:54,1.1144,5
EDH9,20:11:57,1.1257,1
EDH9,20:11:58,1.1144,95
EDH9,20:11:58,1.1030,19
EDH9,20:11:58,1.1712,8
EDH9,20:12:00,1.1032,1
EDH9,20:12:06,1.1828,1
EDH9,20:12:09,1.1942,1
EDH9,20:12:09,1.0918,5
EDH9,20:12:13,1.1032,2
EDH9,20:12:13,1.1259,1
EDH9,20:12:14,1.0804,1
EDH9,20:12:16,1.1600,1
EDH9,20:12:18,1.0916,1
EDH9,20:12:30,1.1713,10
EDH9,20:12:36,1.0917,1
EDH9,20:12:37,1.1485,1
EDH9,20:12:37,1.1030,1
EDH9,20:12:37,1.1371,1
EDH9,20:12:37,1.1826,1
EDH9,20:12:37,1.1712,1
EDH9,20:12:37,1.1257,1
EDH9,20:12:37,1.1144,1
EDH9,20:12:37,1.1940,1
EDH9,20:12:37,1.0802,5
EDH9,20:12:37,1.1940,10
EDH9,20:12:48,1.1940,1
EDH9,20:12:50,1.1030,1
EDH9,20:12:50,1.1940,3
EDH9,20:13:06,1.1031,5
EDH9,20:13:10,1.1030,1
EDH9,20:13:10,1.1598,2
EDH9,20:13:14,1.1257,1
EDH9,20:13:15,1.0916,2
EDH9,20:13:17,1.1940,5
EDH9,20:13:25,1.1598,1
EDH9,20:13:34,1.0801,2
EDH9,20:13:34,1.1370,1
EDH9,20:13:34,1.1711,10
EDH9,20:13:34,1.1825,5
EDH9,20:13:58,1.1029,1
EDH9,20:14:00,1.1484,5
EDH9,20:14:01,1.1370,10
EDH9,20:14:01,1.1256,11
EDH9,20:14:04,1.1256,1
EDH9,20:14:17,1.1029,3
EDH9,20:14:26,1.1255,2
EDH9,20:14:26,1.1710,30
EDH9,20:14:26,1.1142,15
EDH9,20:14:26,1.1710,2
EDH9,20:14:27,1.1711,3
EDH9,20:14:27,1.1939,3
EDH9,20:14:27,1.1029,3
EDH9,20:14:27,1.1369,61
EDH9,20:14:27,1.1368,1
EDH9,20:14:28,1.1482,1
EDH9,20:14:29,1.1483,6
EDH9,20:14:29,1.1369,2
EDH9,20:14:30,1.1596,2
EDH9,20:14:30,1.1028,58
EDH9,20:14:45,1.0914,50
EDH9,20:15:04,1.1710,28
EDH9,20:15:04,1.1710,3
EDH9,20:15:04,1.1483,7
EDH9,20:15:04,1.0801,9
EDH9,20:15:04,1.1483,1
EDH9,20:15:04,1.1028,4
EDH9,20:15:04,1.1824,3
EDH9,20:15:08,1.1369,10
EDH9,20:15:10,1.1596,30
EDH9,20:15:14,1.1368,1
EDH9,20:15:15,1.1369,7
EDH9,20:15:22,1.1483,1
EDH9,20:15:23,1.0913,1
EDH9,20:15:29,1.1596,20
EDH9,20:15:29,1.1028,104
EDH9,20:15:29,1.1710,2
EDH9,20:15:35,1.1596,1
EDH9,20:15:37,1.1255,50
EDH9,20:15:38,1.1370,1
EDH9,20:15:44,1.1370,1
EDH9,20:15:46,1.1937,1
EDH9,20:15:46,1.1028,5
EDH9,20:15:46,1.0914,2
EDH9,20:15:47,1.0915,1
EDH9,20:15:49,1.1142,2
EDH9,20:15:50,1.1369,1
EDH9,20:15:51,1.1596,1
EDH9,20:15:53,1.1142,2
EDH9,20:15:53,1.1028,5
EDH9,20:15:54,1.1824,10
EDH9,20:16:16,1.1939,1
EDH9,20:16:16,1.0801,7
EDH9,20:16:17,1.0915,10
EDH9,20:16:19,1.1597,1
EDH9,20:16:21,1.1255,1
EDH9,20:16:34,1.0801,1
EDH9,20:16:47,1.1369,4
EDH9,20:16:47,1.1823,150
EDH9,20:16:47,1.1027,1
EDH9,20:16:47,1.1595,2
EDH9,20:16:47,1.1368,1
EDH9,20:16:47,1.1254,2
EDH9,20:16:47,1.1823,1
EDH9,20:16:47,1.1709,1
EDH9,20:16:47,1.1936,1
EDH9,20:16:47,1.0800,1
EDH9,20:16:47,1.1823,3
EDH9,20:16:47,1.0913,2
EDH9,20:16:52,1.1254,2
EDH9,20:16:52,1.1027,6
EDH9,20:17:03,1.1369,2
EDH9,20:17:05,1.1936,1
EDH9,20:17:06,1.1937,1
EDH9,20:17:08,1.1482,5
EDH9,20:17:08,1.1368,2
EDH9,20:17:12,1.1026,1
EDH9,20:17:12,1.0799,10
EDH9,20:17:12,1.1822,10
EDH9,20:17:12,1.0912,1
EDH9,20:17:12,1.1253,9
EDH9,20:17:12,1.1935,250
EDH9,20:17:12,1.1708,2
EDH9,20:17:12,1.1253,2
EDH9,20:17:12,1.1253,10
EDH9,20:17:12,1.0799,2
EDH9,20:17:12,1.1707,10
EDH9,20:17:12,1.1366,1
EDH9,20:17:12,1.1366,1
EDH9,20:17:12,1.1366,2
EDH9,20:17:12,1.1707,25
EDH9,20:17:12,1.0911,3
EDH9,20:17:14,1.1934,5
EDH9,20:17:20,1.1366,1
EDH9,20:17:24,1.1480,2
EDH9,20:17:24,1.1707,1
EDH9,20:17:24,1.1251,4
EDH9,20:17:24,1.1820,1
EDH9,20:17:24,1.1365,3
EDH9,20:17:24,1.1592,1
EDH9,20:17:24,1.0910,1
EDH9,20:17:24,1.1251,1
EDH9,20:17:24,1.1592,1
EDH9,20:17:24,1.1592,11
EDH9,20:17:24,1.1706,1
EDH9,20:17:24,1.0910,13
EDH9,20:17:25,1.1479,1
EDH9,20:17:27,1.1480,5
EDH9,20:17:27,1.1480,2
EDH9,20:17:27,1.0910,26
EDH9,20:17:27,1.1706,1
EDH9,20:17:27,1.1024,1
EDH9,20:17:27,1.1024,20
EDH9,20:17:27,1.1479,5
EDH9,20:17:27,1.1933,1
EDH9,20:17:27,1.1365,5
EDH9,20:17:27,1.1479,10
EDH9,20:17:27,1.1820,2
EDH9,20:17:27,1.1933,22
EDH9,20:17:36,1.1933,30
EDH9,20:17:43,1.1252,5
EDH9,20:17:43,1.1934,2
EDH9,20:17:46,1.1593,11
EDH9,20:17:46,1.1139,2
EDH9,20:17:46,1.0798,2
EDH9,20:17:46,1.1934,2
EDH9,20:17:51,1.1707,5
EDH9,20:17:51,1.1821,1
EDH9,20:17:51,1.1252,1
EDH9,20:17:51,1.1252,1
EDH9,20:17:51,1.1480,2
EDH9,20:17:53,1.1252,1
EDH9,20:17:54,1.1933,5
EDH9,20:18:01,1.0798,3
EDH9,20:18:01,1.1707,3
EDH9,20:18:01,1.1934,3
EDH9,20:18:01,1.1251,1
EDH9,20:18:01,1.0797,2
EDH9,20:18:01,1.1933,50
EDH9,20:18:01,1.1592,5
EDH9,20:18:02,1.1251,1
EDH9,20:18:04,1.1706,6
EDH9,20:18:12,1.0911,1
EDH9,20:18:21,1.1707,2
EDH9,20:18:24,1.0911,8
EDH9,20:18:25,1.1480,10
EDH9,20:18:25,1.0911,2
EDH9,20:18:27,1.1252,2
EDH9,20:18:27,1.0911,3
EDH9,20:18:30,1.1025,9
EDH9,20:18:39,1.1139,1
EDH9,20:18:48,1.1822,1
EDH9,20:18:52,1.1026,1
EDH9,20:19:03,1.1253,1
EDH9,20:19:09,1.1821,3
EDH9,20:19:10,1.1593,20
EDH9,20:19:10,1.1593,27
EDH9,20:19:25,1.0910,2
EDH9,20:19:25,1.1479,18
EDH9,20:19:28,1.1933,2
EDH9,20:19:28,1.1933,106
EDH9,20:19:28,1.0797,24
EDH9,20:19:37,1.1251,1
EDH9,20:19:37,1.1592,1
EDH9,20:19:37,1.0910,2
EDH9,20:19:40,1.0796,1
EDH9,20:19:40,1.1932,5
EDH9,20:19:40,1.1478,1
EDH9,20:19:40,1.1705,1
EDH9,20:19:40,1.1819,1
EDH9,20:19:40,1.1137,3
EDH9,20:19:40,1.1478,3
EDH9,20:19:40,1.1364,1
EDH9,20:19:40,1.1478,2
EDH9,20:19:40,1.1250,2
EDH9,20:19:40,1.1705,1
EDH9,20:19:40,1.1478,50
EDH9,20:19:40,1.1705,2
EDH9,20:19:40,1.1137,1
EDH9,20:19:40,1.1705,1
EDH9,20:19:43,1.1249,2
EDH9,20:19:43,1.1818,1
EDH9,20:19:43,1.1249,1
EDH9,20:19:43,1.1704,2
EDH9,20:19:43,1.1818,5
EDH9,20:19:43,1.1818,50
EDH9,20:19:43,1.1363,250
EDH9,20:19:43,1.1136,2
EDH9,20:19:43,1.1704,5
EDH9,20:19:43,1.0795,60
EDH9,20:19:44,1.1816,3
EDH9,20:19:44,1.1816,3
EDH9,20:19:44,1.0794,5
EDH9,20:19:44,1.1816,2
EDH9,20:19:44,1.1249,20
EDH9,20:19:44,1.1136,6
EDH9,20:19:44,1.1818,30
EDH9,20:19:44,1.1362,48
EDH9,20:19:44,1.1476,1
EDH9,20:19:44,1.1703,2
EDH9,20:19:44,1.0794,1
EDH9,20:19:44,1.0908,1
EDH9,20:19:44,1.0908,5
EDH9,20:19:44,1.1476,2
EDH9,20:19:44,1.1703,248
EDH9,20:19:44,1.1930,2
EDH9,20:19:44,1.0908,2
EDH9,20:19:44,1.1248,100
EDH9,20:19:44,1.1476,3
EDH9,20:19:44,1.1816,2
EDH9,20:19:44,1.0794,27
EDH9,20:19:46,1.1816,1
EDH9,20:19:47,1.1020,1
EDH9,20:19:48,1.1134,1
EDH9,20:19:48,1.1475,1
EDH9,20:19:48,1.1815,1
EDH9,20:19:48,1.1020,5
EDH9,20:19:49,1.1929,10
EDH9,20:19:49,1.1815,1
EDH9,20:19:51,1.1249,1
EDH9,20:19:55,1.0908,2
EDH9,20:19:55,1.0795,28
EDH9,20:19:55,1.1363,10
EDH9,20:19:57,1.1477,1
EDH9,20:19:59,1.1249,10
EDH9,20:20:11,1.1365,1
EDH9,20:20:14,1.1137,2
EDH9,20:20:14,1.1023,2
EDH9,20:20:19,1.1592,1
EDH9,20:20:21,1.0797,1
EDH9,20:20:23,1.1138,1
EDH9,20:20:24,1.1250,2
EDH9,20:20:24,1.0796,3
EDH9,20:20:25,1.1591,1
EDH9,20:20:39,1.1023,5
EDH9,20:20:45,1.1591,3
EDH9,20:20:45,1.1363,1
EDH9,20:20:45,1.0795,1
EDH9,20:20:57,1.0795,117
EDH9,20:21:11,1.0794,1
EDH9,20:21:18,1.1362,2
EDH9,20:21:18,1.0908,10
EDH9,20:21:18,1.1816,1
EDH9,20:21:18,1.1929,1
EDH9,20:21:18,1.1702,11
EDH9,20:21:18,1.1134,25
EDH9,20:21:18,1.1588,2
EDH9,20:21:18,1.1702,1
EDH9,20:21:18,1.1361,1
EDH9,20:21:18,1.0907,100
EDH9,20:21:18,1.0793,1
EDH9,20:21:18,1.1361,1
EDH9,20:21:18,1.0907,3
EDH9,20:21:18,1.1361,2
EDH9,20:21:18,1.0793,39
EDH9,20:21:21,1.1136,10
EDH9,20:21:24,1.1931,1
EDH9,20:21:31,1.1248,2
EDH9,20:21:31,1.0908,14
EDH9,20:21:44,1.1021,1
EDH9,20:21:46,1.1703,5
EDH9,20:21:48,1.1476,50
EDH9,20:21:54,1.1815,1
EDH9,20:21:54,1.0793,1
EDH9,20:21:55,1.1702,50
EDH9,20:21:55,1.1134,50
EDH9,20:21:57,1.1360,1
EDH9,20:21:57,1.1701,1
EDH9,20:21:57,1.0792,1
EDH9,20:21:57,1.0906,100
EDH9,20:21:57,1.0906,10
EDH9,20:21:57,1.1360,3
EDH9,20:21:57,1.1019,2
EDH9,20:21:57,1.1133,1
EDH9,20:21:57,1.1246,6
EDH9,20:21:57,1.1701,16
EDH9,20:21:57,1.1701,2
EDH9,20:21:57,1.0792,1
EDH9,20:21:57,1.1701,10
EDH9,20:21:57,1.1928,1
EDH9,20:21:57,1.1587,5
EDH9,20:21:57,1.1360,1
EDH9,20:21:57,1.1133,1
EDH9,20:21:57,1.1928,1
EDH9,20:21:57,1.1701,3
EDH9,20:21:57,1.1474,4
EDH9,20:21:57,1.1360,1
EDH9,20:21:57,1.0792,1
EDH9,20:21:57,1.0792,18
EDH9,20:21:57,1.1246,2
EDH9,20:21:57,1.1474,10
EDH9,20:21:57,1.1246,1
EDH9,20:21:57,1.1928,1
EDH9,20:21:57,1.0906,2
EDH9,20:21:57,1.1019,7
EDH9,20:21:57,1.1245,1
EDH9,20:21:57,1.1018,1
EDH9,20:21:57,1.1700,1
EDH9,20:21:57,1.1359,24
EDH9,20:21:57,1.1927,2
EDH9,20:21:57,1.1586,8
EDH9,20:21:57,1.1359,1
EDH9,20:21:57,1.1245,7
EDH9,20:21:57,1.1018,7
EDH9,20:21:57,1.1586,3
EDH9,20:21:57,1.1018,10
EDH9,20:21:57,1.1018,5
EDH9,20:21:57,1.0791,6
EDH9,20:21:57,1.1132,10
EDH9,20:21:57,1.1927,24
EDH9,20:21:57,1.1586,10
EDH9,20:21:57,1.1245,3
EDH9,20:21:57,1.1473,3
EDH9,20:21:57,1.0791,7
EDH9,20:21:57,1.1473,5
EDH9,20:21:57,1.1927,30
EDH9,20:21:57,1.1132,18
EDH9,20:21:57,1.1018,1
EDH9,20:21:58,1.0905,1
EDH9,20:21:58,1.1018,1
EDH9,20:21:58,1.0791,2
EDH9,20:21:58,1.0904,1
EDH9,20:21:58,1.1813,2
EDH9,20:21:58,1.1245,3
EDH9,20:21:58,1.1359,1
EDH9,20:21:58,1.1586,5
EDH9,20:21:58,1.0905,1
EDH9,20:21:58,1.1814,1
EDH9,20:21:58,1.1474,1
EDH9,20:21:58,1.1359,30
EDH9,20:21:58,1.1700,1
EDH9,20:21:58,1.1359,12
EDH9,20:21:58,1.1359,12
EDH9,20:21:59,1.1473,1
EDH9,20:22:01,1.0792,2
EDH9,20:22:01,1.0906,13
EDH9,20:22:01,1.1133,1
EDH9,20:22:01,1.1360,3
EDH9,20:22:02,1.1589,1
EDH9,20:22:06,1.1134,1
EDH9,20:22:06,1.1588,1
EDH9,20:22:12,1.1476,1
EDH9,20:22:13,1.1134,2
EDH9,20:22:20,1.1704,1
EDH9,20:22:24,1.1248,2
EDH9,20:22:32,1.1021,14
EDH9,20:22:39,1.1363,1
EDH9,20:22:40,1.0794,6
EDH9,20:22:50,1.1589,1
EDH9,20:22:50,1.1930,4
EDH9,20:22:54,1.1929,1
EDH9,20:23:02,1.0793,1
EDH9,20:23:08,1.0908,2
EDH9,20:23:11,1.1136,3
EDH9,20:23:15,1.1022,1
EDH9,20:23:16,1.1021,13
EDH9,20:23:16,1.1135,1
EDH9,20:23:16,1.1475,2
EDH9,20:23:16,1.1588,1
EDH9,20:23:16,1.1702,150
EDH9,20:23:19,1.1247,2
EDH9,20:23:20,1.1133,10
EDH9,20:23:20,1.1701,5
EDH9,20:23:20,1.1246,1
EDH9,20:23:22,1.1019,60
EDH9,20:23:22,1.1360,90
EDH9,20:23:22,1.0906,3
EDH9,20:23:22,1.1246,3
EDH9,20:23:22,1.1246,3
EDH9,20:23:22,1.1360,2
EDH9,20:23:23,1.0792,1
EDH9,20:23:27,1.1927,1
EDH9,20:23:27,1.1813,8
EDH9,20:23:27,1.1245,10
EDH9,20:23:27,1.1473,60
EDH9,20:23:27,1.1700,30
EDH9,20:23:27,1.1359,35
EDH9,20:23:27,1.1245,2
EDH9,20:23:27,1.1585,1
EDH9,20:23:28,1.0791,15
EDH9,20:23:28,1.1358,1
EDH9,20:23:28,1.0790,100
EDH9,20:23:28,1.0790,1
EDH9,20:23:28,1.1812,250
EDH9,20:23:28,1.1472,1
EDH9,20:23:28,1.1244,60
EDH9,20:23:28,1.1358,2
EDH9,20:23:28,1.1358,4
EDH9,20:23:30,1.1812,35
EDH9,20:23:30,1.1131,130
EDH9,20:23:30,1.1585,60
EDH9,20:23:30,1.1812,1
EDH9,20:23:30,1.1244,2
EDH9,20:23:30,1.1472,111
EDH9,20:23:37,1.1017,2
EDH9,20:23:37,1.1813,25
EDH9,20:23:40,1.1132,1
EDH9,20:23:43,1.1359,1
EDH9,20:23:43,1.1472,35
EDH9,20:23:43,1.1812,2
EDH9,20:23:43,1.1244,77
EDH9,20:23:43,1.1812,60
EDH9,20:23:43,1.1131,39
EDH9,20:23:43,1.1926,19
EDH9,20:23:43,1.1472,41
EDH9,20:23:43,1.1244,30
EDH9,20:23:43,1.0789,5
EDH9,20:23:43,1.1357,1
EDH9,20:23:43,1.1584,15
EDH9,20:23:43,1.0789,2
EDH9,20:23:43,1.1471,15
EDH9,20:23:43,1.1925,1
EDH9,20:23:43,1.1243,4
EDH9,20:23:43,1.0903,1
EDH9,20:23:43,1.1584,110
EDH9,20:23:43,1.1698,218
EDH9,20:23:43,1.1243,99
EDH9,20:23:43,1.1584,60
EDH9,20:23:43,1.1016,30
EDH9,20:23:43,1.1130,2
EDH9,20:23:43,1.1584,125
EDH9,20:23:43,1.1584,9
EDH9,20:23:43,1.0790,2
EDH9,20:23:43,1.1131,18
EDH9,20:23:44,1.1472,1
EDH9,20:23:44,1.1471,12
EDH9,20:23:45,1.1243,3
EDH9,20:23:46,1.1699,1
EDH9,20:23:46,1.1472,1
EDH9,20:23:51,1.1130,1
EDH9,20:23:52,1.1243,1
EDH9,20:23:55,1.1812,1
EDH9,20:23:55,1.1472,1
EDH9,20:23:55,1.1130,1
EDH9,20:23:55,1.1586,1
EDH9,20:23:56,1.1813,1
EDH9,20:23:59,1.1017,1
EDH9,20:24:06,1.0903,3
EDH9,20:24:07,1.1244,1
EDH9,20:24:07,1.1357,9
EDH9,20:24:09,1.1357,1
EDH9,20:24:09,1.0789,1
EDH9,20:24:09,1.1697,2
EDH9,20:24:09,1.0788,1
EDH9,20:24:09,1.1470,125
EDH9,20:24:09,1.0788,20
EDH9,20:24:09,1.1243,1
EDH9,20:24:14,1.0904,2
EDH9,20:24:19,1.1812,1
EDH9,20:24:19,1.1017,1
EDH9,20:24:23,1.1017,1
EDH9,20:24:54,1.1358,1
EDH9,20:24:56,1.0790,2
EDH9,20:24:58,1.0903,1
EDH9,20:25:01,1.1130,4
EDH9,20:25:08,1.1925,4
EDH9,20:25:10,1.1017,4
EDH9,20:25:12,1.1242,5
EDH9,20:25:13,1.0903,5
EDH9,20:25:15,1.1698,2
EDH9,20:25:15,1.1584,3
EDH9,20:25:16,1.1016,2
EDH9,20:25:16,1.0903,2
EDH9,20:25:16,1.0903,1
EDH9,20:25:19,1.0903,2
EDH9,20:25:29,1.0902,8
EDH9,20:25:31,1.1584,1
EDH9,20:25:33,1.1016,4
EDH9,20:25:39,1.1243,1
EDH9,20:25:42,1.1129,42
EDH9,20:25:42,1.0902,16
EDH9,20:25:42,1.1810,1
EDH9,20:25:52,1.1811,2
EDH9,20:25:58,1.1357,1
EDH9,20:25:58,1.1585,1
EDH9,20:26:02,1.1244,2
EDH9,20:26:02,1.1131,3
EDH9,20:26:04,1.1244,1
EDH9,20:26:05,1.1473,1
EDH9,20:26:10,1.1017,2
EDH9,20:26:10,1.1699,2
EDH9,20:26:14,1.1927,1
EDH9,20:26:14,1.1131,1
EDH9,20:26:16,1.1473,3
EDH9,20:26:22,1.1132,1
EDH9,20:26:22,1.1474,5
EDH9,20:26:25,1.1246,2
EDH9,20:26:25,1.1474,1
EDH9,20:26:25,1.1587,1
EDH9,20:26:25,1.1360,5
EDH9,20:26:30,1.1132,1
EDH9,20:26:32,1.1360,1
EDH9,20:26:32,1.1928,1
EDH9,20:26:35,1.1133,1
EDH9,20:26:41,1.0907,3
EDH9,20:26:42,1.1929,1
EDH9,20:26:45,1.1360,2
EDH9,20:26:46,1.1815,1
EDH9,20:26:50,1.1361,2
EDH9,20:27:08,1.0792,2
EDH9,20:27:14,1.0907,1
EDH9,20:27:17,1.1815,5
EDH9,20:27:27,1.1361,1
EDH9,20:27:27,1.1361,2
EDH9,20:27:31,1.0793,1
EDH9,20:27:46,1.1135,1
EDH9,20:27:47,1.0793,1
EDH9,20:27:47,1.1020,1
EDH9,20:27:47,1.1815,1
EDH9,20:27:47,1.1134,1
EDH9,20:27:47,1.1134,1
EDH9,20:27:52,1.1815,1
EDH9,20:27:58,1.1361,1
EDH9,20:28:02,1.1929,20
EDH9,20:28:03,1.1587,1
EDH9,20:28:03,1.1360,35
EDH9,20:28:03,1.1019,1
EDH9,20:28:03,1.1019,2
EDH9,20:28:03,1.1019,1
EDH9,20:28:05,1.1474,5
EDH9,20:28:06,1.0906,5
EDH9,20:28:06,1.1587,10
EDH9,20:28:23,1.0906,2
EDH9,20:28:23,1.1701,94
EDH9,20:28:23,1.1587,29
EDH9,20:28:31,1.1361,1
EDH9,20:28:32,1.1474,10
EDH9,20:28:37,1.1473,2
EDH9,20:28:37,1.0791,3
EDH9,20:28:37,1.1700,1
EDH9,20:28:37,1.1700,1
EDH9,20:28:37,1.1018,1
EDH9,20:28:37,1.1586,2
EDH9,20:28:37,1.1245,5
EDH9,20:28:37,1.0905,3
EDH9,20:28:37,1.1473,15
EDH9,20:28:52,1.1814,1
EDH9,20:28:53,1.1927,3
EDH9,20:28:55,1.1586,4
EDH9,20:28:55,1.1586,3
EDH9,20:28:55,1.0905,3
EDH9,20:29:06,1.1131,1
EDH9,20:29:08,1.1359,2
EDH9,20:29:09,1.1926,1
EDH9,20:29:12,1.1472,6
EDH9,20:29:12,1.1585,3
EDH9,20:29:14,1.1812,6
EDH9,20:29:14,1.1472,10
EDH9,20:29:21,1.1925,2
EDH9,20:29:21,1.1357,3
EDH9,20:29:21,1.1698,2
EDH9,20:29:21,1.1698,10
EDH9,20:29:21,1.1016,2
EDH9,20:29:21,1.1016,8
EDH9,20:29:23,1.1811,3
EDH9,20:29:23,1.1016,3
EDH9,20:29:23,1.0789,3
EDH9,20:29:23,1.1357,2
EDH9,20:29:26,1.1242,1
EDH9,20:29:27,1.1810,2
EDH9,20:29:27,1.0902,1
EDH9,20:29:40,1.1699,2
EDH9,20:29:48,1.1017,2
EDH9,20:29:58,1.1926,3
EDH9,20:29:59,1.1925,30
EDH9,20:29:59,1.0903,2
EDH9,20:29:59,1.1811,15
EDH9,20:29:59,1.1243,10
EDH9,20:29:59,1.1357,13
EDH9,20:29:59,1.0789,10
EDH9,20:29:59,1.1243,4
EDH9,20:30:02,1.1470,2
EDH9,20:30:02,1.1356,1
EDH9,20:30:02,1.0902,5
EDH9,20:30:02,1.0902,1
EDH9,20:30:04,1.1810,1
EDH9,20:30:06,1.1924,1
EDH9,20:30:07,1.1809,50
EDH9,20:30:07,1.1469,1
EDH9,20:30:07,1.0901,1
EDH9,20:30:07,1.1014,1
EDH9,20:30:07,1.1355,5
EDH9,20:30:07,1.1241,2
EDH9,20:30:07,1.1696,1
EDH9,20:30:07,1.0787,2
EDH9,20:30:07,1.1582,1
EDH9,20:30:07,1.1696,1
EDH9,20:30:07,1.1923,1
EDH9,20:30:07,1.1809,1
EDH9,20:30:07,1.1696,1
EDH9,20:30:07,1.1469,7
EDH9,20:30:07,1.1809,1
EDH9,20:30:07,1.1241,49
EDH9,20:30:07,1.1809,125
EDH9,20:30:07,1.1582,2
EDH9,20:30:07,1.1469,9
EDH9,20:30:07,1.0901,9
EDH9,20:30:07,1.1014,9
EDH9,20:30:07,1.0787,47
EDH9,20:30:07,1.1582,22
EDH9,20:30:07,1.1128,2
EDH9,20:30:07,1.1809,36
EDH9,20:30:07,1.1013,1
EDH9,20:30:07,1.1808,1
EDH9,20:30:07,1.1240,3
EDH9,20:30:07,1.1354,1
EDH9,20:30:07,1.1581,1
EDH9,20:30:07,1.1240,9
EDH9,20:30:07,1.1240,30
EDH9,20:30:07,1.1923,2
EDH9,20:30:07,1.1696,2
EDH9,20:30:07,1.1469,2
EDH9,20:30:07,1.1014,5
EDH9,20:30:07,1.1240,55
EDH9,20:30:08,1.1922,1
EDH9,20:30:08,1.1013,3
EDH9,20:30:08,1.1127,1
EDH9,20:30:08,1.1242,1
EDH9,20:30:10,1.0901,2
EDH9,20:30:10,1.1809,1
EDH9,20:30:10,1.1354,10
EDH9,20:30:10,1.1239,20
EDH9,20:30:10,1.1921,1
EDH9,20:30:10,1.1580,15
EDH9,20:30:10,1.1694,2
EDH9,20:30:10,1.1694,124
EDH9,20:30:10,1.1353,2
EDH9,20:30:10,1.1239,60
EDH9,20:30:10,1.0785,60
EDH9,20:30:10,1.0899,4
EDH9,20:30:10,1.1012,1
EDH9,20:30:10,1.0899,211
EDH9,20:30:10,1.1126,31
EDH9,20:30:10,1.1126,8
EDH9,20:30:10,1.0899,10
EDH9,20:30:10,1.1921,3
EDH9,20:30:10,1.1012,7
EDH9,20:30:10,1.0899,7
EDH9,20:30:10,1.1580,1
EDH9,20:30:10,1.1806,2
EDH9,20:30:10,1.1806,1
EDH9,20:30:10,1.1806,250
EDH9,20:30:10,1.0898,12
EDH9,20:30:10,1.1238,1
EDH9,20:30:10,1.1693,1
EDH9,20:30:10,1.1693,4
EDH9,20:30:10,1.0784,10
EDH9,20:30:10,1.1011,6
EDH9,20:30:10,1.1693,2
EDH9,20:30:10,1.1693,99
EDH9,20:30:10,1.1578,2
EDH9,20:30:10,1.1919,18
EDH9,20:30:10,1.0783,1
EDH9,20:30:10,1.1465,2
EDH9,20:30:10,1.1465,1
EDH9,20:30:10,1.1237,1
EDH9,20:30:10,1.1124,1
EDH9,20:30:10,1.1805,1
EDH9,20:30:10,1.1010,1
EDH9,20:30:10,1.1010,5
EDH9,20:30:10,1.1805,20
EDH9,20:30:10,1.1351,2
EDH9,20:30:10,1.1351,8
EDH9,20:30:10,1.1010,2
EDH9,20:30:10,1.1351,115
EDH9,20:30:10,1.1692,30
EDH9,20:30:10,1.1465,63
EDH9,20:30:10,1.1010,8
EDH9,20:30:10,1.1351,9
EDH9,20:30:10,1.1010,11
EDH9,20:30:10,1.1465,17
EDH9,20:30:10,1.0783,9
EDH9,20:30:10,1.1465,9
EDH9,20:30:10,1.0783,11
EDH9,20:30:10,1.1919,52
EDH9,20:30:10,1.1805,7
EDH9,20:30:10,1.0783,2
EDH9,20:30:10,1.0897,8
EDH9,20:30:10,1.1124,10
EDH9,20:30:10,1.0897,2
EDH9,20:30:10,1.1351,1
EDH9,20:30:11,1.1237,93
EDH9,20:30:11,1.1918,1
EDH9,20:30:11,1.1463,1
EDH9,20:30:11,1.1690,2
EDH9,20:30:11,1.1577,1
EDH9,20:30:11,1.1123,4
EDH9,20:30:11,1.1350,5
EDH9,20:30:11,1.1463,1
EDH9,20:30:11,1.1918,4
EDH9,20:30:11,1.1918,1
EDH9,20:30:11,1.1577,2
EDH9,20:30:11,1.1918,1
EDH9,20:30:11,1.1919,87
EDH9,20:30:11,1.1011,1
EDH9,20:30:11,1.1011,1
EDH9,20:30:11,1.1806,9
EDH9,20:30:11,1.1692,1
EDH9,20:30:11,1.1351,1
EDH9,20:30:11,1.1465,8
EDH9,20:30:11,1.1579,1
EDH9,20:30:11,1.1805,3
EDH9,20:30:11,1.1238,2
EDH9,20:30:11,1.1352,1
EDH9,20:30:11,1.1238,1
EDH9,20:30:11,1.1579,93
EDH9,20:30:11,1.1011,1
EDH9,20:30:11,1.1238,60
EDH9,20:30:11,1.1238,45
EDH9,20:30:11,1.0784,93
EDH9,20:30:11,1.1806,60
EDH9,20:30:11,1.1466,2
EDH9,20:30:12,1.1580,2
EDH9,20:30:12,1.0785,2
EDH9,20:30:12,1.1012,90
EDH9,20:30:12,1.1581,1
EDH9,20:30:13,1.1807,92
EDH9,20:30:13,1.1807,2
EDH9,20:30:13,1.0785,56
EDH9,20:30:14,1.1807,1
EDH9,20:30:14,1.1695,1
EDH9,20:30:14,1.0900,1
EDH9,20:30:14,1.1240,18
EDH9,20:30:14,1.0900,68
EDH9,20:30:14,1.1240,39
EDH9,20:30:14,1.1468,8
EDH9,20:30:17,1.1808,6
EDH9,20:30:17,1.1923,1
EDH9,20:30:17,1.1128,20
EDH9,20:30:18,1.1240,2
EDH9,20:30:20,1.1015,1
EDH9,20:30:20,1.1015,2
EDH9,20:30:21,1.0788,1
EDH9,20:30:23,1.1241,2
EDH9,20:30:23,1.1582,1
EDH9,20:30:23,1.1014,1
EDH9,20:30:24,1.0902,1
EDH9,20:30:32,1.0901,1
EDH9,20:30:32,1.1014,29
EDH9,20:30:36,1.1923,1
EDH9,20:30:36,1.1469,4
EDH9,20:30:39,1.1128,5
EDH9,20:30:41,1.1809,1
EDH9,20:30:43,1.1469,1
EDH9,20:30:44,1.1014,2
EDH9,20:30:44,1.1014,2
EDH9,20:30:46,1.1809,2
EDH9,20:30:46,1.1355,11
EDH9,20:30:46,1.1355,1
EDH9,20:30:47,1.1469,21
EDH9,20:30:51,1.1241,5
EDH9,20:30:52,1.1013,1
EDH9,20:30:52,1.1808,4
EDH9,20:30:52,1.1923,1
EDH9,20:30:53,1.0900,6
EDH9,20:30:56,1.0786,2
EDH9,20:30:56,1.1468,58
EDH9,20:30:56,1.0900,28
EDH9,20:30:56,1.1014,2
EDH9,20:30:56,1.1355,59
EDH9,20:30:56,1.1923,12
EDH9,20:30:58,1.1242,1
EDH9,20:30:58,1.1356,2
EDH9,20:31:00,1.0788,58
EDH9,20:31:00,1.0902,19
EDH9,20:31:00,1.0788,2
EDH9,20:31:00,1.1924,19
EDH9,20:31:00,1.1356,12
EDH9,20:31:08,1.1242,1
EDH9,20:31:09,1.0901,1
EDH9,20:31:09,1.1923,1
EDH9,20:31:09,1.1809,50
EDH9,20:31:09,1.1128,10
EDH9,20:31:09,1.1128,2
EDH9,20:31:11,1.1240,1
EDH9,20:31:12,1.0901,1
EDH9,20:31:14,1.1696,3
EDH9,20:31:14,1.1128,1
EDH9,20:31:21,1.1695,2
EDH9,20:31:24,1.1241,1
EDH9,20:31:32,1.1809,1
EDH9,20:31:35,1.0901,8
EDH9,20:31:37,1.1241,1
EDH9,20:31:43,1.1582,1
EDH9,20:31:49,1.1014,1
EDH9,20:31:55,1.1923,1
EDH9,20:31:59,1.1241,2
EDH9,20:31:59,1.1240,1
EDH9,20:31:59,1.1354,1
EDH9,20:31:59,1.0786,1
EDH9,20:32:04,1.1925,22
EDH9,20:32:04,1.1925,61
EDH9,20:32:04,1.1130,24
EDH9,20:32:04,1.0903,36
EDH9,20:32:04,1.0903,60
EDH9,20:32:04,1.0903,9
EDH9,20:32:04,1.1130,2
EDH9,20:32:04,1.1812,2
EDH9,20:32:04,1.1585,28
EDH9,20:32:05,1.1130,2
EDH9,20:32:11,1.1926,10
EDH9,20:32:11,1.1358,1
EDH9,20:32:12,1.1473,5
EDH9,20:32:16,1.1813,1
EDH9,20:32:18,1.1813,2
EDH9,20:32:18,1.1473,1
EDH9,20:32:29,1.1133,1
EDH9,20:32:29,1.1814,1
EDH9,20:32:29,1.1360,1
EDH9,20:32:29,1.1814,1
EDH9,20:32:30,1.1246,1
EDH9,20:32:35,1.1360,1
EDH9,20:32:39,1.1359,15
EDH9,20:32:39,1.1813,4
EDH9,20:32:39,1.1586,10
EDH9,20:32:40,1.1132,2
EDH9,20:32:40,1.1586,8
EDH9,20:32:42,1.1132,5
EDH9,20:32:47,1.1927,2
EDH9,20:33:02,1.0791,2
EDH9,20:33:03,1.1018,3
EDH9,20:33:04,1.1245,7
EDH9,20:33:04,1.1700,1
EDH9,20:33:08,1.0792,15
EDH9,20:33:13,1.1928,1
EDH9,20:33:23,1.1133,2
EDH9,20:33:23,1.1246,6
EDH9,20:33:24,1.1246,5
EDH9,20:33:24,1.1587,1
EDH9,20:33:27,1.1246,15
EDH9,20:33:33,1.1472,1
EDH9,20:33:33,1.0790,2
EDH9,20:33:33,1.1926,1
EDH9,20:33:38,1.1700,1
EDH9,20:33:43,1.0790,11
EDH9,20:33:47,1.1925,1
EDH9,20:33:47,1.1243,10
EDH9,20:33:51,1.1243,30
EDH9,20:33:51,1.1130,10
EDH9,20:33:54,1.1243,10
EDH9,20:33:59,1.1924,2
EDH9,20:33:59,1.1356,3
EDH9,20:33:59,1.1470,1
EDH9,20:34:02,1.1471,10
EDH9,20:34:02,1.1471,10
EDH9,20:34:05,1.1584,2
EDH9,20:34:20,1.1359,1
EDH9,20:34:20,1.0791,2
EDH9,20:34:20,1.1474,5
EDH9,20:34:28,1.0906,2
EDH9,20:34:28,1.1814,3
EDH9,20:34:41,1.1928,2
EDH9,20:34:41,1.1928,3
EDH9,20:34:44,1.1587,1
EDH9,20:34:46,1.1246,1
EDH9,20:34:49,1.0792,1
EDH9,20:34:54,1.1701,1
EDH9,20:34:59,1.0905,1
EDH9,20:35:26,1.1474,1
EDH9,20:35:28,1.0905,1
EDH9,20:35:28,1.1245,2
EDH9,20:35:29,1.1927,1
EDH9,20:35:43,1.1019,1
EDH9,20:35:43,1.1701,3
EDH9,20:35:43,1.1814,3
EDH9,20:35:44,1.1814,2
EDH9,20:35:44,1.1133,1
EDH9,20:35:46,1.1246,15
EDH9,20:35:46,1.1814,2
EDH9,20:35:48,1.1247,7
EDH9,20:35:49,1.1702,10
EDH9,20:35:50,1.1019,1
EDH9,20:35:57,1.1475,1
EDH9,20:35:57,1.1247,3
EDH9,20:35:57,1.1019,1
EDH9,20:35:59,1.1246,20
EDH9,20:36:05,1.1245,1
EDH9,20:36:13,1.1587,2
EDH9,20:36:14,1.1587,1
EDH9,20:36:15,1.1928,1
EDH9,20:36:20,1.0905,2
EDH9,20:36:20,1.1245,7
EDH9,20:36:23,1.0791,2
EDH9,20:36:23,1.1927,5
EDH9,20:36:51,1.1701,10
EDH9,20:36:52,1.1813,2
EDH9,20:36:52,1.1245,1
EDH9,20:36:52,1.1700,5
EDH9,20:36:58,1.0792,1
EDH9,20:37:05,1.1586,3
EDH9,20:37:05,1.1473,1
EDH9,20:37:09,1.1812,10
EDH9,20:37:09,1.1017,10
EDH9,20:37:09,1.1358,1
EDH9,20:37:10,1.1016,1
EDH9,20:37:10,1.0903,10
EDH9,20:37:10,1.1471,10
EDH9,20:37:10,1.1471,10
EDH9,20:37:10,1.0789,1
EDH9,20:37:10,1.1698,1
EDH9,20:37:10,1.1471,1
EDH9,20:37:12,1.1471,2
EDH9,20:37:12,1.1925,2
EDH9,20:37:12,1.1925,1
EDH9,20:37:12,1.1925,3
EDH9,20:37:12,1.1925,3
EDH9,20:37:33,1.0790,1
EDH9,20:37:37,1.0903,20
EDH9,20:37:42,1.1925,1
EDH9,20:37:44,1.1129,10
EDH9,20:37:44,1.1356,2
EDH9,20:37:45,1.0901,1
EDH9,20:37:54,1.1923,1
EDH9,20:37:54,1.0787,1
EDH9,20:37:54,1.1128,5
EDH9,20:37:54,1.1696,2
EDH9,20:38:00,1.1354,1
EDH9,20:38:00,1.1808,11
EDH9,20:38:07,1.1242,2
EDH9,20:38:15,1.1583,2
EDH9,20:38:15,1.1356,4
EDH9,20:38:41,1.1017,4
EDH9,20:38:47,1.0789,60
EDH9,20:38:47,1.1357,2
EDH9,20:38:47,1.1243,43
EDH9,20:38:47,1.1471,95
EDH9,20:38:55,1.1926,1
EDH9,20:39:05,1.1926,5
EDH9,20:39:08,1.0789,1
EDH9,20:39:08,1.1130,1
EDH9,20:39:08,1.1698,1
EDH9,20:39:12,1.1356,1
EDH9,20:39:53,1.1471,1
EDH9,20:39:59,1.1812,1
EDH9,20:40:14,1.1243,33
EDH9,20:40:22,1.0903,1
EDH9,20:40:23,1.1130,1
EDH9,20:40:25,1.1470,1
EDH9,20:40:25,1.1356,1
EDH9,20:40:26,1.1470,2
EDH9,20:40:45,1.1698,1
EDH9,20:40:51,1.1809,1
EDH9,20:40:51,1.0787,10
EDH9,20:40:51,1.0787,1
EDH9,20:40:51,1.0901,10
EDH9,20:40:51,1.1241,3
EDH9,20:40:52,1.1696,5
EDH9,20:40:59,1.1013,1
EDH9,20:40:59,1.1695,1
EDH9,20:40:59,1.1695,10
EDH9,20:40:59,1.1240,2
EDH9,20:40:59,1.0786,1
EDH9,20:40:59,1.1581,4
EDH9,20:40:59,1.1468,2
EDH9,20:40:59,1.1013,1
EDH9,20:41:09,1.1808,2
EDH9,20:41:09,1.1581,5
EDH9,20:41:09,1.1354,2
EDH9,20:41:10,1.1240,2
EDH9,20:41:10,1.1808,2
EDH9,20:41:10,1.0786,2
EDH9,20:41:10,1.1354,2
EDH9,20:41:16,1.0787,1
EDH9,20:41:22,1.1923,1
EDH9,20:41:29,1.1696,1
EDH9,20:41:35,1.1241,1
EDH9,20:41:37,1.1241,10
EDH9,20:41:38,1.1469,2
EDH9,20:41:43,1.1810,1
EDH9,20:41:43,1.1470,5
EDH9,20:41:43,1.1129,1
EDH9,20:41:43,1.1356,2
EDH9,20:41:43,1.1924,24
EDH9,20:41:43,1.1924,27
EDH9,20:42:07,1.1810,1
EDH9,20:42:20,1.1015,4
EDH9,20:42:28,1.1923,2
EDH9,20:42:44,1.1923,1
EDH9,20:43:03,1.1128,4
EDH9,20:43:03,1.1696,1
EDH9,20:43:03,1.1128,1
EDH9,20:43:03,1.1355,1
EDH9,20:43:03,1.1582,5
EDH9,20:43:10,1.1240,2
EDH9,20:43:10,1.1240,1
EDH9,20:43:12,1.1355,2
EDH9,20:43:17,1.1695,1
EDH9,20:43:17,1.1354,3
EDH9,20:43:17,1.1468,2
EDH9,20:43:26,1.1694,1
EDH9,20:43:26,1.1580,1
EDH9,20:43:26,1.1580,1
EDH9,20:43:26,1.1126,1
EDH9,20:43:26,1.1580,1
EDH9,20:43:29,1.1012,1
EDH9,20:43:43,1.1807,2
EDH9,20:43:43,1.1580,7
EDH9,20:44:00,1.1013,5
EDH9,20:44:07,1.1128,1
EDH9,20:44:28,1.1013,2
EDH9,20:44:33,1.1127,1
EDH9,20:44:39,1.1810,1
EDH9,20:45:02,1.1015,1
EDH9,20:45:02,1.0787,2
EDH9,20:45:04,1.1128,5
EDH9,20:45:05,1.1014,18
EDH9,20:45:13,1.0787,60
EDH9,20:45:13,1.1355,40
EDH9,20:45:21,1.1014,5
EDH9,20:45:21,1.1695,1
EDH9,20:45:21,1.0900,2
EDH9,20:45:21,1.0900,2
EDH9,20:45:23,1.0900,28
EDH9,20:45:23,1.1922,5
EDH9,20:45:23,1.1695,1
EDH9,20:45:23,1.1013,100
EDH9,20:45:28,1.1355,1
EDH9,20:45:31,1.1807,2
EDH9,20:45:31,1.1582,5
EDH9,20:45:43,1.1240,1
EDH9,20:45:49,1.1127,2
EDH9,20:46:07,1.1808,5
EDH9,20:46:39,1.1355,8
EDH9,20:46:56,1.1015,5
EDH9,20:47:58,1.1697,20
EDH9,20:48:03,1.0902,1
EDH9,20:48:20,1.0903,1
EDH9,20:48:27,1.1016,10
EDH9,20:48:28,1.1130,3
EDH9,20:48:33,1.0789,3
EDH9,20:48:36,1.0789,1
EDH9,20:48:36,1.1471,70
EDH9,20:48:36,1.1243,30
EDH9,20:48:36,1.1925,1
EDH9,20:48:36,1.1471,10
EDH9,20:48:38,1.0790,10
EDH9,20:48:42,1.0903,2
EDH9,20:48:42,1.1925,8
EDH9,20:48:56,1.1357,2
EDH9,20:48:56,1.1925,3
EDH9,20:48:56,1.1471,5
EDH9,20:48:57,1.1471,13
EDH9,20:49:02,1.1925,1
EDH9,20:49:09,1.1584,1
EDH9,20:49:13,1.1357,2
EDH9,20:49:16,1.1357,15
EDH9,20:49:16,1.1357,1
EDH9,20:49:36,1.1812,1
EDH9,20:49:40,1.1016,4
EDH9,20:49:42,1.1243,1
EDH9,20:49:54,1.1697,38
EDH9,20:49:54,1.1356,10
EDH9,20:49:54,1.1015,15
EDH9,20:50:05,1.1241,1
EDH9,20:50:10,1.1808,5
EDH9,20:50:11,1.1695,9
EDH9,20:50:11,1.1468,11
EDH9,20:50:11,1.1127,1
EDH9,20:50:24,1.1695,60
EDH9,20:50:31,1.1240,1
EDH9,20:50:46,1.1354,1
EDH9,20:50:51,1.1128,1
EDH9,20:51:02,1.1013,1
EDH9,20:51:02,1.1468,1
EDH9,20:51:06,1.1240,2
EDH9,20:51:10,1.1355,2
EDH9,20:51:10,1.1469,5
EDH9,20:51:10,1.0787,60
EDH9,20:51:10,1.1014,33
EDH9,20:51:12,1.1241,2
EDH9,20:51:38,1.1129,1
EDH9,20:51:39,1.1583,10
EDH9,20:51:43,1.1355,1
EDH9,20:52:04,1.1358,53
EDH9,20:52:04,1.1358,2
EDH9,20:52:04,1.0904,1
EDH9,20:52:04,1.1131,1
EDH9,20:52:42,1.1243,1
EDH9,20:52:46,1.1243,1
EDH9,20:52:47,1.1472,32
EDH9,20:52:47,1.1812,5
EDH9,20:52:47,1.1699,15
EDH9,20:52:47,1.1131,23
EDH9,20:52:51,1.1699,37
EDH9,20:52:51,1.1926,2
EDH9,20:52:51,1.1017,26
EDH9,20:52:51,1.1585,12
EDH9,20:52:51,1.1585,1
EDH9,20:52:51,1.0790,1
EDH9,20:52:51,1.1358,71
EDH9,20:52:51,1.1585,5
EDH9,20:53:03,1.1698,1
EDH9,20:53:07,1.1242,10
EDH9,20:53:07,1.1583,1
EDH9,20:53:11,1.1810,19
EDH9,20:53:39,1.0789,2
EDH9,20:53:39,1.1130,38
EDH9,20:53:55,1.1583,2
EDH9,20:54:44,1.1242,1
EDH9,20:54:55,1.0901,1
EDH9,20:54:55,1.0901,1
EDH9,20:54:55,1.1923,3
EDH9,20:54:55,1.1696,1
EDH9,20:54:55,1.0901,1
EDH9,20:54:55,1.1241,1
EDH9,20:54:55,1.0901,5
EDH9,20:54:55,1.1241,10
EDH9,20:54:55,1.1695,2
EDH9,20:54:55,1.1808,60
EDH9,20:54:55,1.1808,45
EDH9,20:54:57,1.1923,60
EDH9,20:54:57,1.1241,10
EDH9,20:54:57,1.1696,9
EDH9,20:54:57,1.1696,25
EDH9,20:54:57,1.1923,16
EDH9,20:54:57,1.1014,9
EDH9,20:54:57,1.1128,15
EDH9,20:54:57,1.1809,6
EDH9,20:54:57,1.1128,2
EDH9,20:54:57,1.1696,71
EDH9,20:54:58,1.1583,1
EDH9,20:55:13,1.1810,1
EDH9,20:55:15,1.1355,1
EDH9,20:55:15,1.1014,1
EDH9,20:56:01,1.1128,2
EDH9,20:56:01,1.1696,31
EDH9,20:56:01,1.1014,30
EDH9,20:56:02,1.1809,2
EDH9,20:56:02,1.1241,37
EDH9,20:56:07,1.1013,1
EDH9,20:56:07,1.1354,1
EDH9,20:56:11,1.1807,2
EDH9,20:56:11,1.1239,5
EDH9,20:56:11,1.1694,1
EDH9,20:56:12,1.1353,1
EDH9,20:56:14,1.1693,1
EDH9,20:56:14,1.1466,1
EDH9,20:56:14,1.0898,2
EDH9,20:56:14,1.1352,1
EDH9,20:56:14,1.1806,2
EDH9,20:56:14,1.0898,1
EDH9,20:56:14,1.1693,1
EDH9,20:56:14,1.1920,10
EDH9,20:56:14,1.1693,1
EDH9,20:56:15,1.1237,2
EDH9,20:56:15,1.1237,1
EDH9,20:56:15,1.0783,77
EDH9,20:56:15,1.1805,26
EDH9,20:56:15,1.1692,24
EDH9,20:56:15,1.0897,73
EDH9,20:56:15,1.1010,1
EDH9,20:56:15,1.1578,10
EDH9,20:56:15,1.1805,20
EDH9,20:56:15,1.1237,28
EDH9,20:56:15,1.1918,1
EDH9,20:56:15,1.0896,1
EDH9,20:56:15,1.1237,1
EDH9,20:56:15,1.1804,1
EDH9,20:56:15,1.1577,1
EDH9,20:56:15,1.1123,5
EDH9,20:56:15,1.1010,1
EDH9,20:56:15,1.0782,2
EDH9,20:56:15,1.1690,1
EDH9,20:56:15,1.1237,10
EDH9,20:56:15,1.1237,1
EDH9,20:56:15,1.1123,3
EDH9,20:56:15,1.1690,10
EDH9,20:56:15,1.1350,2
EDH9,20:56:15,1.1237,3
EDH9,20:56:15,1.1918,1
EDH9,20:56:15,1.1350,1
EDH9,20:56:15,1.1010,1
EDH9,20:56:15,1.1010,10
EDH9,20:56:15,1.1804,1
EDH9,20:56:15,1.0896,5
EDH9,20:56:15,1.1918,1
EDH9,20:56:15,1.1463,1
EDH9,20:56:15,1.1237,20
EDH9,20:56:15,1.1690,1
EDH9,20:56:15,1.1804,1
EDH9,20:56:15,1.1123,1
EDH9,20:56:15,1.1577,10
EDH9,20:56:15,1.1350,1
EDH9,20:56:15,1.1237,3
EDH9,20:56:15,1.1237,7
EDH9,20:56:15,1.1350,1
EDH9,20:56:15,1.1350,1
EDH9,20:56:15,1.1350,5
EDH9,20:56:15,1.1123,1
EDH9,20:56:15,1.1123,2
EDH9,20:56:15,1.0782,3
EDH9,20:56:15,1.1918,3
EDH9,20:56:15,1.1577,3
EDH9,20:56:15,1.1916,1
EDH9,20:56:15,1.1349,1
EDH9,20:56:15,1.1236,2
EDH9,20:56:15,1.1349,12
EDH9,20:56:15,1.1011,1
EDH9,20:56:15,1.1010,1
EDH9,20:56:15,1.1237,5
EDH9,20:56:15,1.1690,1
EDH9,20:56:15,1.1577,1
EDH9,20:56:15,1.1350,2
EDH9,20:56:15,1.1577,1
EDH9,20:56:15,1.1690,1
EDH9,20:56:16,1.1350,5
EDH9,20:56:16,1.1010,2
EDH9,20:56:16,1.1237,1
EDH9,20:56:16,1.0896,1
EDH9,20:56:16,1.1463,57
EDH9,20:56:16,1.1804,30
EDH9,20:56:16,1.1577,68
EDH9,20:56:16,1.0782,4
EDH9,20:56:16,1.1010,1
EDH9,20:56:18,1.1692,2
EDH9,20:56:18,1.1465,58
EDH9,20:56:18,1.1578,2
EDH9,20:56:18,1.1578,9
EDH9,20:56:18,1.1465,9
EDH9,20:56:18,1.0897,39
EDH9,20:56:18,1.0783,33
EDH9,20:56:18,1.1351,1
EDH9,20:56:18,1.1237,1
EDH9,20:56:18,1.1010,1
EDH9,20:56:19,1.1237,1
EDH9,20:56:19,1.1352,1
EDH9,20:56:19,1.1352,2
EDH9,20:56:23,1.0897,1
EDH9,20:56:26,1.1124,5
EDH9,20:56:27,1.1125,1
EDH9,20:56:29,1.1579,1
EDH9,20:56:32,1.1012,1
EDH9,20:56:33,1.1807,1
EDH9,20:56:49,1.0783,1
EDH9,20:56:53,1.1465,7
EDH9,20:56:53,1.1805,7
EDH9,20:56:57,1.1010,9
EDH9,20:56:57,1.1465,58
EDH9,20:56:57,1.0897,68
EDH9,20:57:00,1.1352,2
EDH9,20:57:00,1.1693,4
EDH9,20:57:00,1.1238,8
EDH9,20:57:11,1.1805,1
EDH9,20:57:14,1.1351,9
EDH9,20:57:17,1.1237,1
EDH9,20:57:17,1.1123,100
EDH9,20:57:17,1.1349,2
EDH9,20:57:18,1.1689,3
EDH9,20:57:18,1.1688,15
EDH9,20:57:18,1.1008,2
EDH9,20:57:18,1.1348,1
EDH9,20:57:18,1.1688,1
EDH9,20:57:18,1.1348,10
EDH9,20:57:18,1.1688,56
EDH9,20:57:18,1.0895,3
EDH9,20:57:18,1.1803,7
EDH9,20:57:18,1.0781,43
EDH9,20:57:18,1.1461,2
EDH9,20:57:18,1.0894,43
EDH9,20:57:18,1.1008,17
EDH9,20:57:18,1.0894,3
EDH9,20:57:19,1.1348,3
EDH9,20:57:19,1.1802,119
EDH9,20:57:19,1.1235,10
EDH9,20:57:19,1.1121,48
EDH9,20:57:19,1.1575,42
EDH9,20:57:19,1.1915,2
EDH9,20:57:19,1.0894,43
EDH9,20:57:19,1.1575,17
EDH9,20:57:19,1.1008,69
EDH9,20:57:19,1.1461,10
EDH9,20:57:19,1.1575,46
EDH9,20:57:19,1.1688,42
EDH9,20:57:19,1.0781,32
EDH9,20:57:19,1.1121,54
EDH9,20:57:19,1.1348,71
EDH9,20:57:19,1.1915,60
EDH9,20:57:19,1.1008,2
EDH9,20:57:19,1.1234,2
EDH9,20:57:19,1.1120,10
EDH9,20:57:19,1.1574,5
EDH9,20:57:19,1.1574,1
EDH9,20:57:19,1.1574,5
EDH9,20:57:19,1.1347,1
EDH9,20:57:19,1.1007,108
EDH9,20:57:19,1.1235,60
EDH9,20:57:19,1.1575,5
EDH9,20:57:19,1.1122,1
EDH9,20:57:19,1.1576,1
EDH9,20:57:20,1.0894,107
EDH9,20:57:20,1.1915,74
EDH9,20:57:20,1.1008,19
EDH9,20:57:20,1.1348,19
EDH9,20:57:20,1.1008,2
EDH9,20:57:20,1.1688,3
EDH9,20:57:20,1.1916,2
EDH9,20:57:21,1.1010,2
EDH9,20:57:21,1.1350,72
EDH9,20:57:21,1.1918,125
EDH9,20:57:21,1.1918,2
EDH9,20:57:21,1.1690,2
EDH9,20:57:21,1.1350,86
EDH9,20:57:24,1.1916,35
EDH9,20:57:24,1.1009,35
EDH9,20:57:24,1.1349,35
EDH9,20:57:24,1.1916,9
EDH9,20:57:24,1.1462,30
EDH9,20:57:24,1.1803,10
EDH9,20:57:29,1.1689,3
EDH9,20:57:41,1.1237,30
EDH9,20:57:46,1.1350,45
EDH9,20:57:55,1.0895,2
EDH9,20:57:55,1.1009,48
EDH9,20:57:55,1.1236,5
EDH9,20:57:55,1.1803,2
EDH9,20:57:58,1.1688,1
EDH9,20:57:58,1.1802,1
EDH9,20:57:59,1.1235,1
EDH9,20:58:00,1.1916,1
EDH9,20:58:01,1.1351,2
EDH9,20:58:01,1.1692,1
EDH9,20:58:10,1.1237,1
EDH9,20:58:15,1.1351,1
EDH9,20:58:15,1.1237,58
EDH9,20:58:17,1.1351,1
EDH9,20:58:17,1.1010,1
EDH9,20:58:17,1.0782,9
EDH9,20:58:20,1.1692,1
EDH9,20:58:32,1.1465,20
EDH9,20:58:34,1.1237,3
EDH9,20:58:36,1.1466,7
EDH9,20:58:44,1.1238,1
EDH9,20:58:47,1.1806,1
EDH9,20:58:49,1.1466,1
EDH9,20:58:50,1.1465,7
EDH9,20:58:50,1.1692,9
EDH9,20:58:50,1.1237,2
EDH9,20:58:50,1.1805,9
EDH9,20:59:00,1.0782,20
EDH9,20:59:00,1.0782,21
EDH9,20:59:00,1.1804,19
EDH9,20:59:00,1.0782,77
EDH9,20:59:11,1.1694,1
EDH9,20:59:11,1.1807,1
EDH9,20:59:29,1.1011,60
EDH9,20:59:29,1.1693,2
EDH9,20:59:29,1.1693,35
EDH9,20:59:29,1.0784,2
EDH9,20:59:29,1.1125,61
EDH9,20:59:29,1.1125,46
EDH9,20:59:40,1.1694,5
EDH9,21:00:01,1.1579,3
EDH9,21:00:02,1.0897,10
EDH9,21:00:02,1.1351,1
EDH9,21:00:03,1.0782,2
EDH9,21:00:11,1.1578,10
EDH9,21:00:13,1.1011,4
EDH9,21:00:24,1.1920,3
EDH9,21:00:37,1.1351,90
EDH9,21:00:37,1.1124,1
EDH9,21:00:37,1.1124,1
EDH9,21:00:38,1.1237,9
EDH9,21:00:40,1.1806,1
EDH9,21:00:50,1.1804,5
EDH9,21:00:50,1.1804,1
EDH9,21:00:50,1.0896,3
EDH9,21:00:54,1.1690,2
EDH9,21:01:01,1.1463,2
EDH9,21:01:01,1.1237,1
EDH9,21:01:02,1.1804,2
EDH9,21:01:02,1.1463,103
EDH9,21:01:05,1.0782,11
EDH9,21:01:10,1.1918,10
EDH9,21:01:10,1.1123,2
EDH9,21:01:10,1.0896,1
EDH9,21:01:10,1.1350,3
EDH9,21:01:10,1.1804,3
EDH9,21:01:10,1.1463,2
EDH9,21:01:13,1.1123,1
EDH9,21:01:14,1.1690,1
EDH9,21:01:15,1.0782,1
EDH9,21:01:15,1.0896,60
EDH9,21:01:15,1.1010,17
EDH9,21:01:15,1.1350,2
EDH9,21:01:22,1.1804,2
EDH9,21:01:22,1.0897,2
EDH9,21:01:22,1.1237,3
EDH9,21:01:36,1.1349,1
EDH9,21:01:36,1.0895,1
EDH9,21:01:36,1.1236,2
EDH9,21:01:39,1.1688,2
EDH9,21:01:39,1.0894,1
EDH9,21:01:39,1.1802,2
EDH9,21:01:42,1.1349,7
EDH9,21:01:52,1.1915,23
EDH9,21:01:52,1.1121,9
EDH9,21:01:52,1.1915,10
EDH9,21:01:52,1.1235,20
EDH9,21:01:52,1.1915,10
EDH9,21:01:52,1.0894,10
EDH9,21:01:54,1.1801,2
EDH9,21:01:54,1.1120,1
EDH9,21:01:54,1.1914,12
EDH9,21:01:55,1.0780,2
EDH9,21:01:55,1.1460,36
EDH9,21:01:55,1.1574,1
EDH9,21:01:55,1.1460,3
EDH9,21:01:55,1.1460,30
EDH9,21:01:55,1.1460,2
EDH9,21:01:55,1.1120,1
EDH9,21:01:55,1.1913,2
EDH9,21:01:55,1.0892,1
EDH9,21:01:55,1.0779,2
EDH9,21:01:55,1.1233,1
EDH9,21:01:55,1.1800,1
EDH9,21:01:55,1.1913,50
EDH9,21:01:55,1.1234,1
EDH9,21:01:55,1.0780,15
EDH9,21:01:55,1.1687,2
EDH9,21:01:55,1.1119,69
EDH9,21:01:55,1.1802,10
EDH9,21:01:55,1.1008,1
EDH9,21:01:55,1.1461,3
EDH9,21:01:55,1.1575,3
EDH9,21:01:55,1.1235,3
EDH9,21:01:55,1.1460,2
EDH9,21:01:55,1.1459,5
EDH9,21:01:55,1.0892,2
EDH9,21:01:55,1.1459,221
EDH9,21:01:56,1.1459,70
EDH9,21:01:56,1.1119,83
EDH9,21:01:56,1.0779,23
EDH9,21:01:56,1.1233,88
EDH9,21:01:56,1.1233,44
EDH9,21:01:56,1.1007,2
EDH9,21:02:10,1.1234,2
EDH9,21:02:12,1.0894,20
EDH9,21:02:12,1.1915,2
EDH9,21:02:12,1.1121,20
EDH9,21:02:12,1.1121,18
EDH9,21:02:12,1.0894,1
EDH9,21:02:13,1.1348,2
EDH9,21:02:13,1.1688,13
EDH9,21:02:18,1.1462,1
EDH9,21:02:39,1.0782,1
EDH9,21:02:44,1.1349,9
EDH9,21:02:44,1.1689,2
EDH9,21:02:44,1.0895,5
EDH9,21:02:46,1.1689,1
EDH9,21:02:57,1.0782,2
EDH9,21:02:57,1.1463,9
EDH9,21:02:57,1.0782,2
EDH9,21:02:57,1.1463,9
EDH9,21:02:57,1.1577,28
EDH9,21:02:57,1.1010,20
EDH9,21:03:10,1.1803,20
EDH9,21:03:16,1.1461,1
EDH9,21:03:16,1.1121,2
EDH9,21:03:16,1.1008,60
EDH9,21:03:16,1.1915,2
EDH9,21:03:16,1.1008,38
EDH9,21:03:23,1.1687,2
EDH9,21:03:23,1.1801,1
EDH9,21:03:23,1.1801,1
EDH9,21:03:23,1.1347,76
EDH9,21:03:23,1.1687,20
EDH9,21:03:30,1.1574,5
EDH9,21:03:30,1.0893,1
EDH9,21:03:32,1.1120,5
EDH9,21:03:47,1.1801,5
EDH9,21:04:01,1.1461,2
EDH9,21:04:07,1.1916,1
EDH9,21:04:07,1.1916,1
EDH9,21:04:08,1.1916,1
EDH9,21:04:08,1.1122,1
EDH9,21:04:13,1.1803,2
EDH9,21:04:13,1.1576,19
EDH9,21:04:27,1.0782,4
EDH9,21:04:28,1.0782,5
EDH9,21:04:51,1.0782,5
EDH9,21:04:51,1.0782,8
EDH9,21:04:51,1.0782,2
EDH9,21:04:51,1.0782,4
EDH9,21:05:01,1.0783,1
EDH9,21:05:01,1.1010,1
EDH9,21:05:02,1.1919,2
EDH9,21:05:25,1.1919,20
EDH9,21:05:39,1.1350,20
EDH9,21:05:42,1.1351,2
EDH9,21:05:43,1.0896,1
EDH9,21:05:44,1.1237,4
EDH9,21:05:55,1.1577,8
EDH9,21:06:03,1.1577,1
EDH9,21:06:17,1.1918,20
EDH9,21:06:17,1.1918,1
EDH9,21:06:38,1.1351,2
EDH9,21:06:38,1.0897,10
EDH9,21:06:38,1.1465,50
EDH9,21:06:50,1.0784,1
EDH9,21:06:51,1.0898,1
EDH9,21:06:55,1.1693,60
EDH9,21:06:55,1.1920,20
EDH9,21:06:59,1.0783,6
EDH9,21:06:59,1.1124,5
EDH9,21:07:05,1.0782,5
EDH9,21:07:27,1.1466,76
EDH9,21:07:27,1.1352,2
EDH9,21:07:28,1.1693,60
EDH9,21:07:28,1.1806,2
EDH9,21:07:28,1.1693,10
EDH9,21:07:28,1.1011,1
EDH9,21:07:28,1.1352,1
EDH9,21:07:28,1.1580,2
EDH9,21:07:28,1.0785,3
EDH9,21:07:31,1.1466,1
EDH9,21:07:33,1.1806,30
EDH9,21:07:43,1.1806,2
EDH9,21:07:44,1.1805,5
EDH9,21:08:00,1.1238,1
EDH9,21:08:08,1.1239,2
EDH9,21:08:08,1.1467,10
EDH9,21:08:11,1.1580,1
EDH9,21:08:13,1.1353,1
EDH9,21:08:15,1.1693,5
EDH9,21:08:15,1.1239,1
EDH9,21:08:16,1.1012,62
EDH9,21:08:16,1.1467,15
EDH9,21:08:16,1.1239,73
EDH9,21:08:28,1.1353,1
EDH9,21:08:30,1.1920,1
EDH9,21:08:35,1.1466,1
EDH9,21:08:36,1.0898,1
EDH9,21:08:47,1.1012,2
EDH9,21:08:47,1.1921,3
EDH9,21:08:47,1.0785,21
EDH9,21:08:47,1.0785,27
EDH9,21:08:47,1.1694,9
EDH9,21:08:47,1.1012,10
EDH9,21:08:47,1.1467,33
EDH9,21:08:51,1.1354,1
EDH9,21:08:52,1.1922,1
EDH9,21:08:52,1.1808,1
EDH9,21:08:59,1.1354,1
EDH9,21:09:14,1.1240,1
EDH9,21:09:14,1.1581,1
EDH9,21:09:14,1.1127,1
EDH9,21:09:14,1.1127,1
EDH9,21:09:14,1.1922,4
EDH9,21:09:26,1.0786,1
EDH9,21:09:34,1.1694,10
EDH9,21:09:34,1.1694,4
EDH9,21:10:03,1.1806,3
EDH9,21:10:16,1.1694,3
EDH9,21:10:17,1.1239,2
EDH9,21:10:19,1.1240,35
EDH9,21:10:33,1.1353,2
EDH9,21:10:33,1.0899,25
EDH9,21:10:40,1.1694,27
EDH9,21:11:03,1.1012,1
EDH9,21:11:22,1.1807,1
EDH9,21:11:42,1.0786,1
EDH9,21:12:22,1.1240,1
EDH9,21:12:22,1.1240,1
EDH9,21:12:52,1.1581,1
EDH9,21:13:12,1.1694,1
EDH9,21:13:21,1.1126,2
EDH9,21:13:25,1.0785,5
EDH9,21:13:29,1.1695,9
EDH9,21:13:29,1.1695,1
EDH9,21:13:47,1.1581,2
EDH9,21:14:20,1.1126,58
EDH9,21:14:21,1.1353,5
EDH9,21:14:22,1.1467,4
EDH9,21:14:57,1.1239,3
EDH9,21:14:57,1.0785,3
EDH9,21:14:57,1.1580,3
EDH9,21:15:09,1.1693,1
EDH9,21:15:19,1.1807,1
EDH9,21:15:54,1.1012,20
EDH9,21:16:21,1.0899,3
EDH9,21:16:21,1.1807,3
EDH9,21:16:24,1.1694,60
EDH9,21:16:24,1.1580,2
EDH9,21:16:24,1.1580,14
EDH9,21:16:24,1.1580,10
EDH9,21:16:24,1.1467,9
EDH9,21:16:24,1.1239,12
EDH9,21:16:24,1.1353,7
EDH9,21:16:24,1.1012,1
EDH9,21:16:24,1.1239,1
EDH9,21:16:24,1.0899,1
EDH9,21:16:24,1.1240,3
EDH9,21:16:36,1.0900,3
EDH9,21:16:38,1.0786,7
EDH9,21:16:39,1.1581,1
EDH9,21:16:41,1.1581,1
EDH9,21:16:44,1.0900,1
EDH9,21:16:45,1.1239,30
EDH9,21:16:45,1.1580,2
EDH9,21:16:45,1.1921,1
EDH9,21:16:45,1.1921,4
EDH9,21:16:45,1.1126,1
EDH9,21:16:47,1.1580,1
EDH9,21:17:04,1.1126,4
EDH9,21:17:08,1.0785,3
EDH9,21:17:08,1.1126,3
EDH9,21:17:08,1.1467,3
EDH9,21:17:08,1.0899,3
EDH9,21:17:08,1.1694,31
EDH9,21:17:08,1.1239,3
EDH9,21:17:08,1.1580,3
EDH9,21:17:08,1.1353,11
EDH9,21:17:08,1.1353,19
EDH9,21:17:08,1.1580,1
EDH9,21:17:08,1.1807,2
EDH9,21:17:09,1.0785,7
EDH9,21:17:09,1.1921,51
EDH9,21:17:09,1.1694,2
EDH9,21:17:09,1.1694,2
EDH9,21:17:09,1.1353,38
EDH9,21:17:20,1.0899,5
EDH9,21:17:20,1.1467,5
EDH9,21:17:38,1.1012,7
EDH9,21:18:08,1.0784,4
EDH9,21:18:08,1.1579,3
EDH9,21:18:08,1.0898,3
EDH9,21:18:08,1.0898,3
EDH9,21:18:09,1.1125,12
EDH9,21:18:09,1.1238,1
EDH9,21:18:09,1.1011,2
EDH9,21:18:09,1.1693,6
EDH9,21:18:09,1.0784,5
EDH9,21:18:09,1.1466,1
EDH9,21:18:09,1.1466,30
EDH9,21:18:09,1.0784,15
EDH9,21:18:25,1.1010,1
EDH9,21:18:25,1.1351,5
EDH9,21:18:25,1.1237,2
EDH9,21:18:25,1.1919,1
EDH9,21:18:36,1.1692,2
EDH9,21:18:36,1.1465,18
EDH9,21:18:38,1.1350,1
EDH9,21:19:03,1.1123,16
EDH9,21:19:08,1.1349,1
EDH9,21:19:08,1.1462,5
EDH9,21:19:08,1.0782,1
EDH9,21:19:08,1.1236,1
EDH9,21:19:09,1.1688,2
EDH9,21:19:09,1.1008,8
EDH9,21:19:27,1.1918,29
EDH9,21:19:43,1.1351,5
EDH9,21:19:48,1.1465,3
EDH9,21:20:15,1.0896,1
EDH9,21:20:15,1.0896,5
EDH9,21:20:32,1.1352,1
EDH9,21:20:37,1.1238,1
EDH9,21:21:32,1.1807,5
EDH9,21:21:34,1.1239,76
EDH9,21:21:34,1.1126,1
EDH9,21:21:34,1.1694,1
EDH9,21:21:34,1.1240,1
EDH9,21:21:41,1.1581,2
EDH9,21:21:43,1.1012,1
EDH9,21:21:45,1.1580,5
EDH9,21:21:49,1.1013,13
EDH9,21:21:49,1.0900,2
EDH9,21:21:49,1.1240,15
EDH9,21:21:59,1.1467,1
EDH9,21:22:02,1.1012,5
EDH9,21:22:04,1.1126,1
EDH9,21:22:11,1.1579,10
EDH9,21:22:11,1.0898,10
EDH9,21:22:12,1.1468,5
EDH9,21:22:13,1.1920,10
EDH9,21:22:14,1.1807,2
EDH9,21:22:14,1.1694,2
EDH9,21:22:15,1.1012,2
EDH9,21:22:15,1.1694,4
EDH9,21:22:15,1.1012,10
EDH9,21:22:15,1.1694,10
EDH9,21:22:15,1.1238,10
EDH9,21:22:15,1.1580,10
EDH9,21:22:17,1.1126,10
EDH9,21:22:17,1.1580,3
EDH9,21:22:17,1.1807,7
EDH9,21:22:17,1.1921,10
EDH9,21:22:19,1.1807,10
EDH9,21:22:19,1.1239,10
EDH9,21:22:19,1.1694,10
EDH9,21:22:21,1.1921,10
EDH9,21:22:21,1.1126,10
EDH9,21:22:23,1.1580,10
EDH9,21:22:23,1.1467,10
EDH9,21:22:23,1.1694,10
EDH9,21:22:23,1.0785,3
EDH9,21:22:23,1.0785,7
EDH9,21:22:25,1.1239,10
EDH9,21:22:25,1.1467,10
EDH9,21:22:25,1.1694,10
EDH9,21:22:25,1.1353,10
EDH9,21:22:25,1.1694,10
EDH9,21:22:27,1.1467,10
EDH9,21:22:27,1.1694,10
EDH9,21:22:27,1.1580,10
EDH9,21:22:27,1.1580,10
EDH9,21:22:27,1.1126,10
EDH9,21:22:29,1.1694,10
EDH9,21:22:29,1.1012,10
EDH9,21:22:30,1.1467,2
EDH9,21:22:30,1.1694,1
EDH9,21:22:30,1.0785,1
EDH9,21:22:30,1.1467,3
EDH9,21:22:31,1.1126,2
EDH9,21:22:31,1.1694,6
EDH9,21:22:35,1.1466,10
EDH9,21:22:35,1.1125,10
EDH9,21:22:35,1.1807,1
EDH9,21:22:37,1.1466,2
EDH9,21:22:37,1.1352,8
EDH9,21:22:37,1.1238,10
EDH9,21:22:39,1.1920,10
EDH9,21:22:40,1.1125,11
EDH9,21:22:40,1.1693,2
EDH9,21:22:40,1.1125,1
EDH9,21:22:40,1.1352,3
EDH9,21:22:40,1.1238,2
EDH9,21:22:40,1.1011,2
EDH9,21:22:42,1.1125,5
EDH9,21:22:47,1.1920,1
EDH9,21:22:52,1.1694,1
EDH9,21:23:05,1.1693,1
EDH9,21:23:05,1.1693,9
EDH9,21:23:07,1.1693,10
EDH9,21:23:09,1.0784,10
EDH9,21:23:30,1.1467,3
EDH9,21:23:31,1.0899,10
EDH9,21:23:48,1.1580,3
EDH9,21:23:48,1.0899,3
EDH9,21:23:48,1.1126,3
EDH9,21:23:54,1.1921,15
EDH9,21:23:54,1.1353,10
EDH9,21:24:05,1.1694,10
EDH9,21:24:09,1.0899,10
EDH9,21:24:24,1.1466,2
EDH9,21:24:47,1.0898,14
EDH9,21:24:47,1.0898,14
EDH9,21:24:47,1.1125,17
EDH9,21:24:47,1.0784,5
EDH9,21:24:58,1.1467,30
EDH9,21:25:35,1.1125,84
EDH9,21:25:35,1.1806,3
EDH9,21:25:35,1.1920,27
EDH9,21:25:48,1.1692,2
EDH9,21:25:48,1.1692,8
EDH9,21:26:18,1.1577,1
EDH9,21:26:18,1.1010,1
EDH9,21:26:18,1.0782,28
EDH9,21:26:19,1.1919,1
EDH9,21:26:19,1.1124,1
EDH9,21:26:23,1.1350,5
EDH9,21:26:31,1.1805,1
EDH9,21:26:54,1.1694,50
EDH9,21:26:54,1.1807,1
EDH9,21:27:04,1.1353,5
EDH9,21:27:24,1.1354,1
EDH9,21:27:24,1.1581,1
EDH9,21:27:24,1.0900,14
EDH9,21:27:24,1.0900,5
EDH9,21:27:24,1.1695,1
EDH9,21:27:45,1.1581,1
EDH9,21:27:45,1.1127,1
EDH9,21:27:59,1.1128,1
EDH9,21:27:59,1.1469,1
EDH9,21:27:59,1.1241,1
EDH9,21:28:05,1.1922,9
EDH9,21:28:10,1.1469,30
EDH9,21:28:34,1.0786,1
EDH9,21:28:38,1.1921,10
EDH9,21:28:59,1.1808,1
EDH9,21:29:06,1.1580,10
EDH9,21:29:08,1.1126,10
EDH9,21:29:28,1.1921,3
EDH9,21:29:44,1.1581,10
EDH9,21:29:52,1.1125,1
EDH9,21:29:52,1.1352,1
EDH9,21:30:08,1.1239,2
EDH9,21:30:08,1.1239,6
EDH9,21:30:09,1.1467,10
EDH9,21:30:22,1.1239,8
EDH9,21:30:23,1.1693,2
EDH9,21:30:23,1.1920,1
EDH9,21:30:36,1.1694,2
EDH9,21:31:35,1.1922,5
EDH9,21:31:35,1.1695,11
EDH9,21:31:51,1.0785,2
EDH9,21:31:53,1.1012,1
EDH9,21:31:54,1.1921,1
EDH9,21:31:57,1.1580,1
EDH9,21:32:16,1.0900,4
EDH9,21:32:20,1.1354,1
EDH9,21:32:28,1.1922,1
EDH9,21:32:29,1.1808,1
EDH9,21:32:37,1.1695,1
EDH9,21:32:47,1.1353,10
EDH9,21:32:50,1.1695,1
EDH9,21:33:02,1.1354,5
EDH9,21:33:04,1.1581,1
EDH9,21:33:17,1.1695,1
EDH9,21:33:17,1.0899,7
EDH9,21:33:19,1.1807,2
EDH9,21:33:19,1.1694,8
EDH9,21:33:22,1.1353,2
EDH9,21:33:22,1.1580,1
EDH9,21:33:22,1.1807,3
EDH9,21:33:22,1.1467,3
EDH9,21:33:26,1.1126,1
EDH9,21:33:29,1.1353,9
EDH9,21:33:29,1.1921,1
EDH9,21:34:03,1.0786,1
EDH9,21:34:10,1.1240,3
EDH9,21:34:10,1.1808,3
EDH9,21:34:10,1.0900,3
EDH9,21:34:15,1.1240,1
EDH9,21:34:20,1.1013,1
EDH9,21:34:25,1.1581,1
EDH9,21:34:27,1.1354,6
EDH9,21:34:29,1.1240,3
EDH9,21:34:29,1.1922,3
EDH9,21:34:34,1.1580,10
EDH9,21:34:34,1.1694,2
EDH9,21:34:34,1.1239,5
EDH9,21:34:34,1.1353,30
EDH9,21:34:52,1.1013,7
EDH9,21:34:52,1.1808,11
EDH9,21:34:52,1.1240,7
EDH9,21:34:52,1.1922,3
EDH9,21:34:52,1.0786,4
EDH9,21:34:52,1.1240,4
EDH9,21:34:52,1.1468,10
EDH9,21:34:52,1.1808,60
EDH9,21:34:52,1.1581,2
EDH9,21:34:52,1.1354,78
EDH9,21:34:52,1.1355,10
EDH9,21:34:52,1.0787,10
EDH9,21:34:52,1.1241,3
EDH9,21:34:53,1.1922,10
EDH9,21:34:53,1.1013,2
EDH9,21:34:53,1.1013,7
EDH9,21:34:53,1.0900,18
EDH9,21:34:53,1.1581,3
EDH9,21:34:53,1.1354,2
EDH9,21:34:53,1.1468,5
EDH9,21:34:53,1.1354,10
EDH9,21:34:53,1.1922,2
EDH9,21:34:53,1.1581,5
EDH9,21:34:53,1.1354,28
EDH9,21:34:53,1.1127,10
EDH9,21:34:53,1.1127,20
EDH9,21:34:53,1.1695,3
EDH9,21:34:53,1.1013,2
EDH9,21:34:53,1.1354,3
EDH9,21:34:56,1.1808,2
EDH9,21:35:01,1.1013,2
EDH9,21:35:03,1.1921,1
EDH9,21:35:04,1.1125,5
EDH9,21:35:04,1.1579,5
EDH9,21:35:04,1.0898,5
EDH9,21:35:04,1.1806,3
EDH9,21:35:04,1.1238,3
EDH9,21:35:04,1.1920,4
EDH9,21:35:04,1.1579,2
EDH9,21:35:04,1.1125,1
EDH9,21:35:04,1.0898,3
EDH9,21:35:04,1.0784,3
EDH9,21:35:04,1.0898,3
EDH9,21:35:04,1.0784,6
EDH9,21:35:16,1.1806,1
EDH9,21:35:17,1.1351,5
EDH9,21:35:18,1.1124,5
EDH9,21:35:19,1.1124,5
EDH9,21:35:23,1.0783,4
EDH9,21:35:23,1.0783,17
EDH9,21:35:23,1.0897,23
EDH9,21:35:23,1.1010,20
EDH9,21:35:27,1.0897,1
EDH9,21:35:27,1.1919,6
EDH9,21:35:35,1.1350,1
EDH9,21:35:36,1.1123,1
EDH9,21:35:38,1.1010,10
EDH9,21:35:44,1.1578,144
EDH9,21:35:44,1.0897,2
EDH9,21:35:44,1.1010,4
EDH9,21:36:20,1.1352,2
EDH9,21:36:20,1.1352,1
EDH9,21:36:20,1.1920,3
EDH9,21:36:20,1.1238,2
EDH9,21:36:21,1.1238,2
EDH9,21:36:23,1.1238,30
EDH9,21:36:23,1.1693,9
EDH9,21:36:23,1.0784,6
EDH9,21:36:26,1.1806,1
EDH9,21:36:30,1.0899,1
EDH9,21:36:49,1.1920,5
EDH9,21:36:50,1.1239,1
EDH9,21:37:00,1.1693,1
EDH9,21:37:00,1.1125,1
EDH9,21:37:00,1.1239,2
EDH9,21:37:07,1.0784,5
EDH9,21:37:07,1.1806,2
EDH9,21:37:11,1.0898,2
EDH9,21:37:11,1.1352,1
EDH9,21:37:11,1.1579,3
EDH9,21:37:11,1.1693,3
EDH9,21:37:58,1.1920,2
EDH9,21:38:04,1.1352,2
EDH9,21:38:04,1.0899,3
EDH9,21:38:04,1.1694,1
EDH9,21:38:04,1.1579,21
EDH9,21:38:04,1.1125,2
EDH9,21:38:08,1.1012,3
EDH9,21:38:08,1.1239,3
EDH9,21:38:08,1.1807,3
EDH9,21:38:09,1.1352,2
EDH9,21:38:10,1.1125,2
EDH9,21:38:10,1.1238,1
EDH9,21:38:10,1.1466,3
EDH9,21:38:10,1.1352,3
EDH9,21:38:10,1.1920,6
EDH9,21:38:12,1.1125,3
EDH9,21:38:12,1.1920,3
EDH9,21:38:12,1.1693,3
EDH9,21:38:13,1.1693,3
EDH9,21:38:13,1.1352,3
EDH9,21:38:13,1.1011,3
EDH9,21:38:45,1.1013,5
EDH9,21:39:31,1.1808,1
EDH9,21:39:35,1.1695,2
EDH9,21:39:35,1.1580,56
EDH9,21:39:42,1.1127,1
EDH9,21:39:49,1.0786,20
EDH9,21:40:17,1.1013,1
EDH9,21:40:22,1.1694,2
EDH9,21:41:44,1.1355,1
EDH9,21:41:44,1.1696,1
EDH9,21:41:44,1.1809,1
EDH9,21:41:44,1.1355,1
EDH9,21:41:44,1.0901,1
EDH9,21:41:51,1.1582,5
EDH9,21:42:12,1.1696,6
EDH9,21:42:12,1.1923,5
EDH9,21:42:40,1.1128,1
EDH9,21:42:53,1.1355,1
EDH9,21:43:01,1.1014,43
EDH9,21:43:01,1.1355,27
EDH9,21:43:01,1.0901,2
EDH9,21:43:01,1.1923,136
EDH9,21:43:01,1.1241,5
EDH9,21:43:01,1.1014,2
EDH9,21:43:01,1.1582,5
EDH9,21:43:01,1.1469,1
EDH9,21:43:11,1.1923,2
EDH9,21:43:11,1.0901,86
EDH9,21:43:16,1.1128,2
EDH9,21:43:16,1.0787,60
EDH9,21:43:16,1.1355,2
EDH9,21:43:16,1.1014,88
EDH9,21:43:16,1.1241,24
EDH9,21:43:16,1.1582,26
EDH9,21:43:16,1.1582,8
EDH9,21:43:26,1.1697,5
EDH9,21:43:27,1.1242,1
EDH9,21:43:33,1.1583,2
EDH9,21:43:43,1.1355,5
EDH9,21:43:56,1.1696,1
EDH9,21:44:07,1.1014,2
EDH9,21:44:33,1.1696,5
EDH9,21:44:33,1.1241,2
EDH9,21:44:33,1.1582,18
EDH9,21:44:36,1.1469,8
EDH9,21:44:38,1.1241,1
EDH9,21:44:42,1.1469,1
EDH9,21:44:44,1.1582,1
EDH9,21:44:50,1.1695,1
EDH9,21:44:50,1.1354,1
EDH9,21:44:53,1.1014,1
EDH9,21:45:36,1.1923,1
EDH9,21:45:45,1.1807,92
EDH9,21:45:51,1.1921,3
EDH9,21:45:51,1.1921,3
EDH9,21:47:55,1.1013,1
EDH9,21:49:28,1.1240,1
EDH9,21:51:35,1.1806,2
EDH9,21:51:35,1.1806,1
EDH9,21:51:51,1.1693,5
EDH9,21:52:04,1.0898,1
EDH9,21:52:04,1.1920,75
EDH9,21:52:04,1.1125,25
EDH9,21:52:14,1.1352,1
EDH9,21:52:30,1.1919,3
EDH9,21:52:30,1.1237,2
EDH9,21:52:30,1.1351,1
EDH9,21:52:30,1.0783,3
EDH9,21:53:52,1.0786,2
EDH9,21:54:09,1.0786,3
EDH9,21:54:09,1.1695,3
EDH9,21:54:09,1.1695,3
EDH9,21:54:34,1.0900,1
EDH9,21:54:34,1.1581,2
EDH9,21:54:34,1.1354,3
EDH9,21:54:34,1.1013,3
EDH9,21:54:34,1.1581,22
EDH9,21:54:37,1.1240,3
EDH9,21:54:43,1.1808,1
EDH9,21:54:50,1.1127,36
EDH9,21:54:50,1.1354,1
EDH9,21:54:50,1.1581,6
EDH9,21:54:50,1.1922,1
EDH9,21:56:47,1.1127,1
EDH9,21:57:26,1.1468,9
EDH9,21:57:26,1.1922,1
EDH9,21:57:43,1.1808,5
EDH9,21:58:22,1.1355,1
EDH9,21:58:23,1.1241,20
EDH9,21:58:23,1.1128,59
EDH9,21:58:23,1.1355,11
EDH9,21:58:33,1.1015,1
EDH9,21:59:08,1.1356,1
EDH9,21:59:08,1.0788,1
EDH9,21:59:42,1.0903,2
EDH9,21:59:42,1.1243,1
EDH9,21:59:42,1.0789,1
EDH9,21:59:42,1.1130,1
EDH9,21:59:51,1.0789,1
EDH9,21:59:58,1.1244,70
EDH9,21:59:58,1.1244,1
EDH9,21:59:58,1.1585,1
EDH9,21:59:58,1.1926,1
EDH9,21:59:58,1.1358,1
EDH9,21:59:58,1.1926,6
EDH9,22:00:12,1.1926,1
EDH9,22:00:14,1.0789,2
EDH9,22:00:19,1.1472,1
EDH9,22:00:20,1.1471,2
EDH9,22:00:25,1.1812,2
EDH9,22:00:33,1.0791,1
EDH9,22:00:33,1.1700,1
EDH9,22:00:33,1.0905,2
EDH9,22:00:34,1.1473,1
EDH9,22:00:34,1.1473,38
EDH9,22:00:37,1.1700,30
EDH9,22:00:37,1.1813,10
EDH9,22:00:37,1.0791,1
EDH9,22:00:37,1.0791,9
EDH9,22:00:40,1.1586,2
EDH9,22:00:40,1.1586,2
EDH9,22:00:40,1.1018,2
EDH9,22:00:41,1.1813,2
EDH9,22:00:41,1.1359,2
EDH9,22:00:41,1.1359,2
EDH9,22:00:44,1.0791,5
EDH9,22:00:53,1.0906,2
EDH9,22:00:53,1.0906,3
EDH9,22:00:53,1.1587,3
EDH9,22:00:55,1.1473,1
EDH9,22:00:58,1.1813,2
EDH9,22:00:58,1.1927,2
EDH9,22:01:12,1.0906,3
EDH9,22:01:12,1.1360,3
EDH9,22:01:12,1.1019,3
EDH9,22:01:12,1.1019,37
EDH9,22:01:12,1.1019,6
EDH9,22:01:18,1.1019,1
EDH9,22:01:18,1.1587,3
EDH9,22:01:21,1.1133,1
EDH9,22:01:25,1.0906,1
EDH9,22:01:35,1.1928,1
EDH9,22:01:37,1.0792,1
EDH9,22:01:57,1.1133,8
EDH9,22:01:57,1.1246,1
EDH9,22:01:57,1.1133,5
EDH9,22:01:57,1.1814,1
EDH9,22:01:57,1.1360,10
EDH9,22:01:57,1.1701,1
EDH9,22:01:57,1.1587,1
EDH9,22:01:57,1.1019,4
EDH9,22:01:57,1.1360,1
EDH9,22:01:57,1.1360,68
EDH9,22:02:07,1.1700,1
EDH9,22:02:21,1.1587,20
EDH9,22:02:21,1.0906,2
EDH9,22:02:21,1.1246,2
EDH9,22:02:22,1.1587,2
EDH9,22:02:22,1.1133,6
EDH9,22:02:27,1.1246,2
EDH9,22:02:37,1.1701,1
EDH9,22:02:45,1.1018,5
EDH9,22:02:45,1.1473,1
EDH9,22:02:45,1.0905,1
EDH9,22:02:58,1.1812,41
EDH9,22:02:58,1.1017,59
EDH9,22:03:08,1.0903,1
EDH9,22:03:20,1.1924,1
EDH9,22:03:20,1.1810,1
EDH9,22:03:23,1.0788,5
EDH9,22:03:52,1.1809,11
EDH9,22:03:52,1.1923,5
EDH9,22:03:52,1.1355,1
EDH9,22:03:52,1.0901,1
EDH9,22:04:16,1.1582,1
EDH9,22:04:38,1.1354,1
EDH9,22:04:38,1.1922,1
EDH9,22:04:46,1.1468,60
EDH9,22:04:46,1.1808,2
EDH9,22:04:46,1.1695,38
EDH9,22:05:39,1.0786,1
EDH9,22:05:41,1.1355,2
EDH9,22:05:41,1.1241,1
EDH9,22:05:41,1.1128,3
EDH9,22:05:41,1.1696,3
EDH9,22:06:17,1.1241,60
EDH9,22:06:17,1.1696,15
EDH9,22:06:40,1.1468,63
EDH9,22:06:40,1.1240,15
EDH9,22:06:40,1.1808,2
EDH9,22:07:02,1.0785,5
EDH9,22:07:05,1.1580,20
EDH9,22:07:05,1.1126,20
EDH9,22:07:05,1.1694,12
EDH9,22:07:05,1.0785,31
EDH9,22:07:05,1.1694,12
EDH9,22:07:05,1.1807,1
EDH9,22:07:11,1.1579,1
EDH9,22:07:15,1.1011,1
EDH9,22:07:40,1.0783,2
EDH9,22:07:40,1.1805,100
EDH9,22:07:40,1.0783,1
EDH9,22:07:54,1.1463,1
EDH9,22:07:54,1.1237,1
EDH9,22:07:54,1.0782,1
EDH9,22:08:08,1.1350,1
EDH9,22:08:09,1.0896,1
EDH9,22:08:09,1.1463,5
EDH9,22:08:09,1.1918,1
EDH9,22:08:09,1.1123,5
EDH9,22:08:09,1.1690,5
EDH9,22:08:09,1.1463,1
EDH9,22:08:22,1.0896,6
EDH9,22:08:26,1.1918,4
EDH9,22:08:26,1.1237,1
EDH9,22:08:45,1.1916,1
EDH9,22:08:45,1.1803,4
EDH9,22:08:45,1.1236,96
EDH9,22:09:02,1.1236,2
EDH9,22:09:06,1.1804,3
EDH9,22:09:06,1.0896,5
EDH9,22:09:15,1.1237,70
EDH9,22:09:56,1.0896,2
EDH9,22:09:56,1.1577,8
EDH9,22:09:57,1.1690,10
EDH9,22:10:26,1.1804,1
EDH9,22:10:39,1.1351,1
EDH9,22:10:40,1.1805,1
EDH9,22:10:41,1.1351,1
EDH9,22:10:43,1.1805,1
EDH9,22:10:43,1.1578,1
EDH9,22:10:44,1.1465,1
EDH9,22:10:45,1.1124,1
EDH9,22:10:46,1.1919,1
EDH9,22:10:47,1.1578,1
EDH9,22:10:48,1.1919,1
EDH9,22:10:49,1.1351,1
EDH9,22:10:50,1.1465,1
EDH9,22:10:51,1.1010,1
EDH9,22:10:52,1.1578,1
EDH9,22:10:53,1.1578,1
EDH9,22:10:54,1.1010,1
EDH9,22:10:55,1.1237,1
EDH9,22:10:56,1.0897,1
EDH9,22:10:57,1.1124,1
EDH9,22:10:57,1.1465,1
EDH9,22:11:18,1.0896,1
EDH9,22:12:03,1.1010,2
EDH9,22:12:03,1.1237,18
EDH9,22:12:03,1.1237,2
EDH9,22:12:03,1.1010,1
EDH9,22:12:03,1.1577,1
EDH9,22:12:04,1.1692,1
EDH9,22:12:33,1.0895,58
EDH9,22:12:33,1.0782,67
EDH9,22:12:33,1.0782,16
EDH9,22:12:33,1.0895,50
EDH9,22:12:33,1.0895,59
EDH9,22:12:33,1.1122,26
EDH9,22:12:33,1.0894,2
EDH9,22:12:33,1.1348,98
EDH9,22:12:33,1.1348,1
EDH9,22:12:33,1.1121,1
EDH9,22:12:33,1.1121,1
EDH9,22:12:33,1.1461,2
EDH9,22:12:33,1.1575,1
EDH9,22:12:33,1.1120,1
EDH9,22:12:33,1.1914,25
EDH9,22:12:33,1.1460,1
EDH9,22:12:33,1.0893,1
EDH9,22:12:33,1.1347,100
EDH9,22:12:33,1.1687,2
EDH9,22:12:33,1.1007,2
EDH9,22:12:33,1.1914,2
EDH9,22:12:33,1.0780,30
EDH9,22:12:33,1.1574,2
EDH9,22:12:33,1.1686,1
EDH9,22:12:33,1.1346,2
EDH9,22:12:33,1.0779,1
EDH9,22:12:33,1.1686,5
EDH9,22:12:33,1.1573,2
EDH9,22:12:33,1.1686,5
EDH9,22:12:34,1.1573,5
EDH9,22:12:34,1.1120,2
EDH9,22:12:35,1.0891,1
EDH9,22:12:35,1.1232,2
EDH9,22:12:35,1.1345,10
EDH9,22:12:35,1.0891,10
EDH9,22:12:35,1.1912,1
EDH9,22:12:35,1.1458,2
EDH9,22:12:35,1.1685,50
EDH9,22:12:35,1.0778,5
EDH9,22:12:35,1.1799,5
EDH9,22:12:35,1.1571,2
EDH9,22:12:35,1.1004,2
EDH9,22:12:35,1.1684,2
EDH9,22:12:35,1.1911,2
EDH9,22:12:35,1.1004,2
EDH9,22:12:35,1.0891,2
EDH9,22:12:35,1.1799,91
EDH9,22:12:35,1.1457,50
EDH9,22:12:35,1.1231,1
EDH9,22:12:35,1.0779,1
EDH9,22:12:35,1.1232,30
EDH9,22:12:35,1.1799,2
EDH9,22:12:35,1.1345,4
EDH9,22:12:35,1.1799,1
EDH9,22:12:35,1.1912,4
EDH9,22:12:35,1.1685,3
EDH9,22:12:35,1.1231,2
EDH9,22:12:35,1.0890,2
EDH9,22:12:35,1.1004,1
EDH9,22:12:35,1.1571,1
EDH9,22:12:35,1.1457,3
EDH9,22:12:35,1.1231,1
EDH9,22:12:35,1.1457,1
EDH9,22:12:36,1.1911,11
EDH9,22:12:36,1.0890,1
EDH9,22:12:36,1.1911,1
EDH9,22:12:36,1.1231,7
EDH9,22:12:36,1.1004,1
EDH9,22:12:36,1.1231,1
EDH9,22:12:36,1.1004,1
EDH9,22:12:36,1.1685,1
EDH9,22:12:37,1.1459,1
EDH9,22:12:37,1.1459,9
EDH9,22:12:39,1.1119,10
EDH9,22:12:44,1.1119,1
EDH9,22:12:44,1.1458,120
EDH9,22:12:44,1.1232,123
EDH9,22:12:44,1.1005,5
EDH9,22:12:50,1.1232,1
EDH9,22:12:51,1.1005,1
EDH9,22:12:52,1.1912,87
EDH9,22:12:52,1.1685,125
EDH9,22:12:52,1.1005,60
EDH9,22:12:52,1.1799,2
EDH9,22:12:52,1.1345,26
EDH9,22:12:55,1.1345,1
EDH9,22:12:57,1.0777,8
EDH9,22:12:57,1.1798,2
EDH9,22:12:57,1.1231,100
EDH9,22:12:57,1.1344,4
EDH9,22:12:57,1.1344,29
EDH9,22:12:57,1.0890,27
EDH9,22:12:57,1.1571,4
EDH9,22:12:57,1.1231,90
EDH9,22:12:57,1.1004,26
EDH9,22:12:57,1.1684,60
EDH9,22:12:57,1.1684,39
EDH9,22:12:58,1.1798,1
EDH9,22:13:04,1.0777,2
EDH9,22:13:04,1.1911,9
EDH9,22:13:04,1.1231,139
EDH9,22:13:06,1.1457,1
EDH9,22:13:09,1.1345,1
EDH9,22:13:09,1.1118,3
EDH9,22:13:09,1.1005,2
EDH9,22:13:17,1.1004,5
EDH9,22:13:26,1.1911,5
EDH9,22:13:26,1.1798,5
EDH9,22:13:26,1.1344,17
EDH9,22:13:27,1.1799,2
EDH9,22:13:27,1.1685,1
EDH9,22:13:27,1.0891,57
EDH9,22:13:27,1.1005,2
EDH9,22:13:27,1.1005,91
EDH9,22:13:30,1.1346,5
EDH9,22:13:33,1.1004,10
EDH9,22:13:38,1.1798,10
EDH9,22:13:42,1.1118,1
EDH9,22:13:46,1.1684,1
EDH9,22:13:46,1.0890,1
EDH9,22:13:46,1.1798,1
EDH9,22:13:57,1.0777,9
EDH9,22:13:57,1.0890,16
EDH9,22:14:03,1.1911,8
EDH9,22:14:06,1.1799,1
EDH9,22:14:07,1.1913,2
EDH9,22:14:10,1.0779,2
EDH9,22:14:30,1.1686,2
EDH9,22:14:30,1.1233,3
EDH9,22:14:32,1.1119,1
EDH9,22:14:39,1.1119,2
EDH9,22:14:39,1.1233,38
EDH9,22:14:52,1.0892,22
EDH9,22:14:52,1.0892,2
EDH9,22:14:52,1.1686,19
EDH9,22:14:52,1.1346,25
EDH9,22:14:52,1.1459,125
EDH9,22:14:52,1.1006,88
EDH9,22:14:52,1.1006,38
EDH9,22:14:52,1.1459,81
EDH9,22:14:58,1.1458,1
EDH9,22:14:58,1.0778,1
EDH9,22:15:14,1.1233,1
EDH9,22:15:15,1.1913,1
EDH9,22:15:16,1.1800,1
EDH9,22:15:16,1.1573,1
EDH9,22:15:17,1.1006,1
EDH9,22:15:25,1.1574,2
EDH9,22:15:28,1.1007,5
EDH9,22:15:48,1.0780,1
EDH9,22:16:03,1.1234,60
EDH9,22:16:03,1.1574,40
EDH9,22:16:30,1.0894,1
EDH9,22:16:32,1.1915,10
EDH9,22:16:43,1.1349,2
EDH9,22:16:43,1.1349,1
EDH9,22:16:43,1.1803,41
EDH9,22:16:43,1.1462,9
EDH9,22:16:43,1.1235,1
EDH9,22:16:46,1.1009,2
EDH9,22:16:50,1.1009,2
EDH9,22:16:50,1.0895,18
EDH9,22:17:25,1.0895,1
EDH9,22:17:28,1.1462,3
EDH9,22:17:58,1.0782,125
EDH9,22:17:58,1.1350,5
EDH9,22:17:58,1.0896,1
EDH9,22:17:58,1.1690,1
EDH9,22:17:58,1.1804,1
EDH9,22:17:58,1.1918,10
EDH9,22:17:58,1.0896,8
EDH9,22:17:58,1.1918,2
EDH9,22:18:44,1.1688,2
EDH9,22:19:08,1.1234,1
EDH9,22:19:08,1.1347,10
EDH9,22:19:28,1.1233,2
EDH9,22:19:28,1.1346,2
EDH9,22:19:28,1.1006,60
EDH9,22:19:28,1.1913,36
EDH9,22:19:28,1.1459,1
EDH9,22:19:51,1.1007,2
EDH9,22:19:51,1.1574,60
EDH9,22:19:51,1.1575,58
EDH9,22:19:51,1.1008,2
EDH9,22:19:51,1.0894,2
EDH9,22:19:51,1.1802,71
EDH9,22:19:51,1.1121,125
EDH9,22:19:51,1.0781,380
EDH9,22:19:58,1.1006,38
EDH9,22:19:58,1.1006,24
EDH9,22:19:58,1.1573,84
EDH9,22:19:58,1.1459,125
EDH9,22:19:58,1.1686,1
EDH9,22:19:58,1.1459,128
EDH9,22:20:21,1.1688,1
EDH9,22:20:22,1.1348,1
EDH9,22:20:22,1.1802,1
EDH9,22:20:22,1.1461,1
EDH9,22:20:22,1.1915,1
EDH9,22:20:22,1.1688,2
EDH9,22:20:22,1.1235,1
EDH9,22:20:22,1.1461,8
EDH9,22:20:22,1.1348,1
EDH9,22:20:22,1.1235,1
EDH9,22:20:22,1.1008,1
EDH9,22:20:22,1.1802,1
EDH9,22:20:22,1.0894,1
EDH9,22:20:22,1.1915,1
EDH9,22:20:22,1.0781,1
EDH9,22:20:22,1.0894,2
EDH9,22:20:22,1.1461,1
EDH9,22:20:22,1.1121,2
EDH9,22:20:22,1.1235,1
EDH9,22:20:22,1.1915,1
EDH9,22:20:22,1.1348,3
EDH9,22:20:47,1.0894,2
EDH9,22:22:19,1.1687,1
EDH9,22:22:20,1.1348,2
EDH9,22:22:39,1.1008,2
EDH9,22:22:39,1.1121,10
EDH9,22:22:48,1.0780,1
EDH9,22:22:53,1.0781,9
EDH9,22:22:53,1.1915,1
EDH9,22:23:34,1.1121,10
EDH9,22:23:38,1.1348,10
EDH9,22:23:51,1.0782,25
EDH9,22:24:00,1.1803,1
EDH9,22:24:02,1.1236,6
EDH9,22:24:02,1.1689,20
EDH9,22:26:10,1.0895,1
EDH9,22:26:10,1.1689,1
EDH9,22:26:11,1.1122,2
EDH9,22:26:11,1.0895,10
EDH9,22:27:18,1.1350,5
EDH9,22:27:26,1.1010,1
EDH9,22:28:42,1.0897,2
EDH9,22:28:42,1.1805,1
EDH9,22:28:43,1.0783,2
EDH9,22:28:52,1.1124,5
EDH9,22:29:42,1.1461,1
EDH9,22:29:53,1.1689,100
EDH9,22:29:59,1.1010,2
EDH9,22:30:01,1.0896,2
EDH9,22:30:01,1.1123,29
EDH9,22:30:01,1.0782,33
EDH9,22:30:02,1.1804,6
EDH9,22:30:02,1.0782,28
EDH9,22:30:07,1.1918,2
EDH9,22:30:07,1.1123,3
EDH9,22:30:08,1.1805,1
EDH9,22:30:08,1.1237,2
EDH9,22:30:08,1.1010,3
EDH9,22:30:08,1.1692,3
EDH9,22:30:13,1.1124,1
EDH9,22:30:33,1.0784,3
EDH9,22:30:33,1.1011,1
EDH9,22:31:00,1.1920,1
EDH9,22:31:00,1.1466,1
EDH9,22:31:03,1.1466,2
EDH9,22:31:03,1.1920,8
EDH9,22:31:44,1.1578,1
EDH9,22:31:53,1.1124,3
EDH9,22:31:53,1.0897,1
EDH9,22:32:42,1.1693,2
EDH9,22:33:09,1.1693,2
EDH9,22:33:09,1.1693,8
EDH9,22:33:44,1.1239,1
EDH9,22:33:44,1.1580,1
EDH9,22:33:45,1.1013,2
EDH9,22:33:45,1.1695,12
EDH9,22:34:31,1.0786,1
EDH9,22:34:44,1.1125,3
EDH9,22:35:15,1.1240,1
EDH9,22:35:15,1.1468,1
EDH9,22:35:24,1.0786,2
EDH9,22:36:28,1.0785,37
EDH9,22:37:58,1.1238,2
EDH9,22:38:38,1.1467,10
EDH9,22:38:53,1.0900,1
EDH9,22:39:45,1.1695,1
EDH9,22:39:47,1.0900,2
EDH9,22:39:59,1.1355,1
EDH9,22:39:59,1.1241,1
EDH9,22:40:13,1.1354,3
EDH9,22:40:23,1.1581,47
EDH9,22:40:24,1.1353,1
EDH9,22:40:47,1.1354,2
EDH9,22:40:47,1.1581,78
EDH9,22:40:47,1.1695,34
EDH9,22:40:47,1.0786,6
EDH9,22:40:47,1.1695,2
EDH9,22:40:47,1.1127,60
EDH9,22:40:47,1.1581,2
EDH9,22:40:47,1.0786,60
EDH9,22:40:47,1.1695,20
EDH9,22:40:47,1.1468,30
EDH9,22:40:56,1.1354,1
EDH9,22:41:29,1.1241,1
EDH9,22:41:38,1.1014,1
EDH9,22:41:47,1.1467,1
EDH9,22:42:03,1.0787,1
EDH9,22:42:18,1.1580,193
EDH9,22:42:47,1.0785,1
EDH9,22:43:04,1.1467,2
EDH9,22:43:04,1.1126,8
EDH9,22:43:10,1.1469,3
EDH9,22:43:10,1.1241,3
EDH9,22:43:10,1.1014,2
EDH9,22:43:58,1.0902,1
EDH9,22:43:58,1.0902,1
EDH9,22:44:02,1.1356,5
EDH9,22:44:02,1.0789,5
EDH9,22:44:02,1.1811,10
EDH9,22:44:03,1.1584,10
EDH9,22:44:03,1.1471,3
EDH9,22:44:03,1.1130,3
EDH9,22:44:03,1.1925,1
EDH9,22:44:07,1.1242,1
EDH9,22:44:12,1.0788,29
EDH9,22:44:12,1.1356,15
EDH9,22:44:22,1.1241,1
EDH9,22:44:22,1.1923,1
EDH9,22:44:22,1.1582,1
EDH9,22:44:22,1.0901,2
EDH9,22:44:28,1.1015,2
EDH9,22:45:24,1.1241,1
EDH9,22:45:27,1.0788,1
EDH9,22:46:02,1.0789,5
EDH9,22:46:03,1.1243,2
EDH9,22:46:09,1.1584,1
EDH9,22:46:09,1.0903,1
EDH9,22:46:09,1.1698,1
EDH9,22:46:33,1.1583,10
EDH9,22:46:37,1.1015,1
EDH9,22:46:37,1.1242,79
EDH9,22:46:37,1.1015,1
EDH9,22:46:37,1.1469,2
EDH9,22:46:37,1.1241,78
EDH9,22:46:37,1.0901,13
EDH9,22:46:37,1.0901,13
EDH9,22:46:37,1.0901,60
EDH9,22:46:37,1.1014,39
EDH9,22:46:37,1.1582,21
EDH9,22:46:37,1.1355,1
EDH9,22:46:37,1.0787,59
EDH9,22:46:37,1.1469,20
EDH9,22:46:37,1.1241,40
EDH9,22:46:37,1.1582,9
EDH9,22:46:37,1.1014,29
EDH9,22:46:37,1.1809,9
EDH9,22:46:37,1.0787,2
EDH9,22:46:37,1.1697,79
EDH9,22:46:54,1.0902,60
EDH9,22:46:54,1.1242,2
EDH9,22:46:54,1.1242,13
EDH9,22:47:07,1.1924,1
EDH9,22:47:07,1.1470,4
EDH9,22:47:54,1.1697,1
EDH9,22:47:54,1.1470,1
EDH9,22:47:54,1.1014,11
EDH9,22:47:54,1.1923,7
EDH9,22:47:54,1.1241,2
EDH9,22:47:54,1.1582,20
EDH9,22:47:59,1.1697,1
EDH9,22:48:43,1.1697,1
EDH9,22:49:10,1.1810,1
EDH9,22:49:10,1.1583,1
EDH9,22:49:10,1.1470,7
EDH9,22:49:10,1.0902,3
EDH9,22:50:02,1.1470,60
EDH9,22:50:02,1.1470,2
EDH9,22:50:02,1.1356,73
EDH9,22:50:02,1.1810,4
EDH9,22:50:02,1.0787,18
EDH9,22:50:02,1.1014,2
EDH9,22:50:02,1.1809,2
EDH9,22:50:02,1.1355,44
EDH9,22:50:02,1.1128,30
EDH9,22:50:02,1.1355,19
EDH9,22:50:02,1.1582,6
EDH9,22:50:02,1.1469,1
EDH9,22:50:02,1.1696,1
EDH9,22:50:02,1.1696,2
EDH9,22:50:02,1.1355,18
EDH9,22:50:02,1.1923,22
EDH9,22:50:02,1.1469,30
EDH9,22:50:02,1.1696,125
EDH9,22:50:02,1.0787,125
EDH9,22:50:02,1.1809,99
EDH9,22:50:02,1.1582,1
EDH9,22:50:02,1.0901,2
EDH9,22:50:02,1.1014,14
EDH9,22:50:26,1.0788,2
EDH9,22:50:26,1.1583,19
EDH9,22:50:26,1.1697,9
EDH9,22:50:29,1.1356,30
EDH9,22:50:34,1.1924,2
EDH9,22:50:34,1.1583,28
EDH9,22:52:40,1.0902,4
EDH9,22:52:53,1.1697,15
EDH9,22:52:53,1.1470,1
EDH9,22:52:54,1.1471,1
EDH9,22:52:54,1.0789,15
EDH9,22:52:54,1.1698,4
EDH9,22:53:03,1.1243,2
EDH9,22:53:03,1.1016,3
EDH9,22:54:38,1.1242,5
EDH9,22:54:39,1.1130,1
EDH9,22:54:52,1.1810,1
EDH9,22:55:12,1.0902,1
EDH9,22:55:13,1.1924,1
EDH9,22:55:14,1.1697,1
EDH9,22:56:04,1.1811,6
EDH9,22:56:04,1.1130,21
EDH9,22:56:04,1.1016,89
EDH9,22:56:04,1.1584,1
EDH9,22:56:04,1.0789,6
EDH9,22:56:04,1.1471,5
EDH9,22:56:21,1.1131,1
EDH9,22:56:21,1.1699,1
EDH9,22:56:21,1.1699,8
EDH9,22:56:36,1.1357,2
EDH9,22:56:36,1.1243,6
EDH9,22:56:45,1.1926,10
EDH9,22:57:43,1.1927,1
EDH9,22:57:43,1.0905,10
EDH9,22:57:43,1.1132,1
EDH9,22:57:43,1.0791,1
EDH9,22:57:43,1.1473,1
EDH9,22:57:43,1.1927,1
EDH9,22:57:43,1.1132,1
EDH9,22:57:43,1.1245,1
EDH9,22:57:43,1.1018,11
EDH9,22:57:43,1.1813,2
EDH9,22:57:43,1.1359,2
EDH9,22:57:43,1.1473,97
EDH9,22:58:01,1.1017,1
EDH9,22:58:02,1.1244,28
EDH9,22:58:03,1.1586,2
EDH9,22:58:03,1.1245,8
EDH9,22:59:32,1.1582,1
EDH9,22:59:32,1.0901,1
EDH9,22:59:32,1.1241,3
EDH9,22:59:32,1.1582,4
EDH9,22:59:32,1.1696,4
EDH9,22:59:32,1.1469,14
EDH9,22:59:32,1.1014,29
EDH9,22:59:32,1.1582,13
EDH9,22:59:32,1.1014,4
EDH9,22:59:32,1.1469,47
EDH9,22:59:32,1.0787,2
EDH9,22:59:32,1.1014,7
EDH9,22:59:36,1.1808,10
EDH9,22:59:36,1.1581,1
EDH9,22:59:36,1.1468,1
EDH9,22:59:50,1.1467,1
EDH9,22:59:50,1.1126,1
EDH9,23:00:10,1.0785,6
EDH9,23:00:10,1.1467,6
EDH9,23:00:11,1.0786,3
EDH9,23:00:11,1.1581,1
EDH9,23:00:19,1.0898,1
EDH9,23:00:19,1.1920,1
EDH9,23:00:19,1.1011,6
EDH9,23:00:19,1.1011,3
EDH9,23:00:20,1.1693,2
EDH9,23:00:20,1.1012,6
EDH9,23:00:26,1.1467,1
EDH9,23:00:30,1.1012,53
EDH9,23:00:30,1.1807,22
EDH9,23:00:33,1.1921,2
EDH9,23:00:36,1.1808,2
EDH9,23:00:36,1.1013,60
EDH9,23:00:36,1.1922,60
EDH9,23:00:36,1.1922,4
EDH9,23:00:36,1.1354,9
EDH9,23:00:36,1.1468,15
EDH9,23:00:41,1.1696,11
EDH9,23:00:42,1.1014,2
EDH9,23:00:49,1.1469,6
EDH9,23:01:35,1.1580,1
EDH9,23:01:56,1.1239,15
EDH9,23:02:38,1.0900,2
EDH9,23:03:23,1.1468,2
EDH9,23:03:23,1.1808,8
EDH9,23:03:30,1.1240,10
EDH9,23:03:58,1.0786,1
EDH9,23:03:58,1.0786,2
EDH9,23:04:09,1.1808,1
EDH9,23:04:34,1.1583,1
EDH9,23:04:34,1.1583,1
EDH9,23:04:34,1.1583,9
EDH9,23:06:24,1.1697,125
EDH9,23:10:36,1.1698,1
EDH9,23:10:36,1.0903,1
EDH9,23:11:03,1.1811,1
EDH9,23:11:05,1.1811,4
EDH9,23:11:25,1.1014,5
EDH9,23:11:55,1.1924,15
EDH9,23:11:58,1.1811,1
EDH9,23:12:38,1.0788,2
EDH9,23:13:17,1.1130,2
EDH9,23:13:17,1.0903,6
EDH9,23:13:47,1.1356,2
EDH9,23:14:48,1.1242,1
EDH9,23:14:57,1.0902,20
EDH9,23:15:08,1.1014,1
EDH9,23:15:08,1.1355,60
EDH9,23:15:08,1.1241,2
EDH9,23:15:08,1.1014,36
EDH9,23:15:55,1.1583,1
EDH9,23:15:56,1.1583,1
EDH9,23:16:20,1.0901,4
EDH9,23:16:27,1.1698,1
EDH9,23:16:28,1.1810,2
EDH9,23:16:28,1.1924,7
EDH9,23:16:40,1.1356,5
EDH9,23:17:14,1.0902,1
EDH9,23:17:14,1.1356,1
EDH9,23:17:20,1.1471,1
EDH9,23:17:20,1.1471,2
EDH9,23:17:20,1.1357,1
EDH9,23:17:20,1.1016,2
EDH9,23:17:47,1.1357,2
EDH9,23:17:50,1.1584,3
EDH9,23:17:50,1.1584,2
EDH9,23:17:50,1.1243,3
EDH9,23:18:06,1.1471,30
EDH9,23:18:06,1.1584,2
EDH9,23:18:06,1.1471,3
EDH9,23:18:06,1.0903,2
EDH9,23:18:48,1.1584,8
EDH9,23:20:00,1.1585,2
EDH9,23:20:00,1.1358,1
EDH9,23:20:00,1.1358,1
EDH9,23:20:00,1.1812,2
EDH9,23:20:00,1.1699,4
EDH9,23:20:00,1.1926,3
EDH9,23:20:00,1.1699,3
EDH9,23:20:00,1.1244,1
EDH9,23:20:00,1.1585,2
EDH9,23:20:00,1.1926,2
EDH9,23:20:00,1.1926,3
EDH9,23:20:00,1.1358,3
EDH9,23:20:00,1.1812,6
EDH9,23:20:01,1.1812,3
EDH9,23:20:01,1.1926,3
EDH9,23:20:01,1.1472,3
EDH9,23:20:01,1.1472,6
EDH9,23:20:02,1.0904,4
EDH9,23:20:02,1.1244,70
EDH9,23:20:02,1.1699,7
EDH9,23:20:25,1.1812,1
EDH9,23:20:37,1.1244,1
EDH9,23:20:45,1.1812,14
EDH9,23:20:45,1.1926,2
EDH9,23:21:13,1.1358,2
EDH9,23:21:16,1.1472,1
EDH9,23:22:10,1.1358,1
EDH9,23:22:24,1.0904,13
EDH9,23:23:23,1.1017,1
EDH9,23:23:42,1.1699,1
EDH9,23:23:42,1.0904,3
EDH9,23:24:08,1.0791,1
EDH9,23:24:08,1.1813,1
EDH9,23:24:08,1.1018,5
EDH9,23:24:16,1.1359,2
EDH9,23:24:21,1.1473,2
EDH9,23:24:21,1.1813,27
EDH9,23:24:21,1.1585,1
EDH9,23:24:21,1.1473,15
EDH9,23:25:08,1.1474,1
EDH9,23:26:25,1.1133,5
EDH9,23:27:03,1.1473,2
EDH9,23:27:29,1.1018,1
EDH9,23:28:00,1.1018,1
EDH9,23:28:10,1.1813,25
EDH9,23:28:46,1.0905,1
EDH9,23:28:57,1.1926,5
EDH9,23:28:58,1.1245,1
EDH9,23:29:44,1.1358,2
EDH9,23:29:57,1.1700,1
EDH9,23:30:42,1.0791,3
EDH9,23:30:42,1.1018,3
EDH9,23:30:42,1.1586,3
EDH9,23:30:42,1.1018,5
EDH9,23:30:52,1.1473,3
EDH9,23:30:52,1.0905,3
EDH9,23:30:52,1.0791,3
EDH9,23:30:54,1.1473,29
EDH9,23:31:05,1.1701,1
EDH9,23:31:05,1.1701,1
EDH9,23:31:05,1.1133,1
EDH9,23:31:05,1.1019,1
EDH9,23:31:05,1.1814,1
EDH9,23:31:05,1.1246,1
EDH9,23:31:05,1.1587,1
EDH9,23:31:05,1.0906,4
EDH9,23:31:05,1.1019,10
EDH9,23:31:05,1.1246,5
EDH9,23:31:05,1.1587,5
EDH9,23:31:05,1.0906,13
EDH9,23:31:05,1.1814,5
EDH9,23:31:11,1.1359,3
EDH9,23:31:11,1.0791,3
EDH9,23:31:11,1.0791,3
EDH9,23:31:11,1.0905,2
EDH9,23:31:14,1.1359,5
EDH9,23:31:19,1.1474,5
EDH9,23:31:19,1.1246,10
EDH9,23:31:19,1.1133,10
EDH9,23:31:19,1.1814,1
EDH9,23:31:19,1.1133,5
EDH9,23:31:26,1.1587,3
EDH9,23:31:26,1.1360,3
EDH9,23:31:26,1.0792,3
EDH9,23:31:26,1.1587,15
EDH9,23:31:26,1.0906,18
EDH9,23:31:26,1.1246,2
EDH9,23:31:27,1.0906,1
EDH9,23:31:27,1.1019,2
EDH9,23:31:32,1.1474,5
EDH9,23:31:36,1.1928,3
EDH9,23:31:36,1.0792,3
EDH9,23:31:36,1.1360,3
EDH9,23:31:38,1.1133,9
EDH9,23:31:38,1.0906,2
EDH9,23:31:43,1.1701,50
EDH9,23:31:53,1.1815,1
EDH9,23:31:53,1.1134,1
EDH9,23:31:53,1.0793,1
EDH9,23:31:53,1.1588,1
EDH9,23:31:54,1.1134,2
EDH9,23:31:59,1.1814,6
EDH9,23:31:59,1.0906,10
EDH9,23:31:59,1.1019,8
EDH9,23:31:59,1.0906,2
EDH9,23:32:00,1.1246,3
EDH9,23:32:19,1.1246,1
EDH9,23:32:36,1.1361,1
EDH9,23:32:36,1.0907,2
EDH9,23:32:37,1.0793,1
EDH9,23:32:37,1.1361,1
EDH9,23:32:43,1.1134,3
EDH9,23:32:43,1.1360,1
EDH9,23:33:04,1.0907,1
EDH9,23:33:04,1.1247,2
EDH9,23:33:04,1.1588,1
EDH9,23:33:04,1.1020,3
EDH9,23:33:04,1.1702,1
EDH9,23:33:05,1.1361,1
EDH9,23:33:05,1.1475,3
EDH9,23:33:05,1.1702,3
EDH9,23:33:05,1.1361,3
EDH9,23:33:05,1.1702,3
EDH9,23:33:05,1.1929,2
EDH9,23:33:25,1.1361,4
EDH9,23:33:37,1.1020,2
EDH9,23:33:42,1.1134,21
EDH9,23:34:22,1.1247,1
EDH9,23:34:30,1.1816,1
EDH9,23:34:30,1.1589,1
EDH9,23:34:30,1.1362,2
EDH9,23:34:31,1.1362,10
EDH9,23:34:31,1.1476,1
EDH9,23:34:47,1.1930,1
EDH9,23:35:04,1.1930,5
EDH9,23:35:20,1.1247,5
EDH9,23:35:21,1.1360,5
EDH9,23:35:34,1.1020,5
EDH9,23:36:08,1.1475,1
EDH9,23:36:09,1.1475,1
EDH9,23:36:09,1.1703,3
EDH9,23:36:09,1.0794,2
EDH9,23:36:09,1.1589,3
EDH9,23:36:09,1.1021,24
EDH9,23:36:43,1.1589,1
EDH9,23:36:43,1.1589,2
EDH9,23:36:43,1.1589,5
EDH9,23:36:53,1.1589,10
EDH9,23:37:10,1.1476,2
EDH9,23:37:22,1.1816,3
EDH9,23:37:43,1.0908,1
EDH9,23:37:54,1.1248,17
EDH9,23:37:54,1.0794,1
EDH9,23:38:09,1.1362,33
EDH9,23:38:54,1.1589,1
EDH9,23:39:01,1.0794,10
EDH9,23:39:06,1.1361,2
EDH9,23:39:09,1.1362,2
EDH9,23:39:10,1.1021,1
EDH9,23:39:10,1.0908,1
EDH9,23:39:10,1.1136,1
EDH9,23:39:10,1.1249,1
EDH9,23:39:10,1.1136,1
EDH9,23:39:16,1.1135,6
EDH9,23:39:16,1.1588,2
EDH9,23:39:18,1.0794,1
EDH9,23:39:18,1.1248,4
EDH9,23:39:54,1.1476,1
EDH9,23:39:59,1.1476,1
EDH9,23:39:59,1.0908,4
EDH9,23:40:09,1.0794,1
EDH9,23:40:20,1.1136,1
EDH9,23:40:45,1.1816,5
EDH9,23:41:02,1.1818,60
EDH9,23:41:02,1.1818,1
EDH9,23:41:02,1.1931,2
EDH9,23:41:02,1.1704,12
EDH9,23:41:02,1.0795,25
EDH9,23:41:09,1.1816,4
EDH9,23:41:09,1.1021,56
EDH9,23:41:09,1.1135,88
EDH9,23:41:09,1.1703,47
EDH9,23:41:09,1.1703,55
EDH9,23:41:09,1.1362,20
EDH9,23:41:20,1.1363,5
EDH9,23:41:33,1.1362,1
EDH9,23:41:36,1.1589,1
EDH9,23:41:53,1.1703,3
EDH9,23:42:07,1.1362,1
EDH9,23:42:56,1.1020,1
EDH9,23:42:56,1.1247,1
EDH9,23:42:56,1.1361,57
EDH9,23:42:56,1.1134,22
EDH9,23:43:00,1.1247,73
EDH9,23:43:00,1.0793,52
EDH9,23:43:00,1.1361,7
EDH9,23:43:06,1.1929,11
EDH9,23:43:08,1.1135,1
EDH9,23:43:17,1.1588,11
EDH9,23:43:37,1.1589,1
EDH9,23:43:37,1.1248,2
EDH9,23:43:51,1.1703,3
EDH9,23:43:51,1.1704,3
EDH9,23:44:47,1.1815,1
EDH9,23:44:47,1.1929,6
EDH9,23:44:47,1.0792,8
EDH9,23:44:47,1.1019,16
EDH9,23:44:53,1.1474,1
EDH9,23:44:56,1.1362,2
EDH9,23:45:29,1.1247,1
EDH9,23:45:29,1.0793,7
EDH9,23:45:29,1.1474,4
EDH9,23:45:32,1.0793,1
EDH9,23:46:14,1.1474,1
EDH9,23:46:14,1.1814,1
EDH9,23:46:14,1.0906,14
EDH9,23:46:19,1.1474,1
EDH9,23:46:23,1.1361,1
EDH9,23:46:25,1.0792,5
EDH9,23:46:25,1.1474,1
EDH9,23:46:28,1.1475,1
EDH9,23:46:28,1.1247,29
EDH9,23:47:00,1.1815,1
EDH9,23:47:00,1.1361,6
EDH9,23:47:21,1.0907,1
EDH9,23:47:26,1.0907,1
EDH9,23:47:50,1.0794,5
EDH9,23:47:55,1.1134,5
EDH9,23:47:55,1.0793,1
EDH9,23:47:55,1.0794,7
EDH9,23:47:55,1.1360,2
EDH9,23:48:04,1.1248,5
EDH9,23:48:14,1.1930,3
EDH9,23:48:23,1.1248,1
EDH9,23:48:26,1.1021,1
EDH9,23:48:36,1.1362,6
EDH9,23:48:36,1.1021,11
EDH9,23:48:37,1.1589,3
EDH9,23:48:37,1.1589,3
EDH9,23:48:37,1.1135,3
EDH9,23:48:37,1.0908,2
