SECID,TRADETIME,PRICE,QUANTITY
GZH9,19:05:00,16102.3500,1
GZH9,19:05:00,16257.0000,1
GZH9,19:05:00,16257.0000,1
GZH9,19:05:00,15931.8600,5
GZH9,19:05:00,15769.2900,7
GZH9,19:05:00,15604.8000,1
GZH9,19:05:00,16090.4700,2
GZH9,19:05:00,16578.0600,8
GZH9,19:05:00,15606.7200,8
GZH9,19:05:00,16582.1400,10
GZH9,19:05:00,16256.0000,1
GZH9,19:05:00,16255.0000,1
GZH9,19:05:00,15769.2900,1
GZH9,19:05:00,17066.7000,3
GZH9,19:05:01,15766.3800,1
GZH9,19:05:01,17069.8500,2
GZH9,19:05:01,17069.8500,1
GZH9,19:05:01,16907.2800,2
GZH9,19:05:01,16419.5700,4
GZH9,19:05:01,16907.2800,7
GZH9,19:05:02,15442.2500,4
GZH9,19:05:02,15929.9000,11
GZH9,19:05:02,15441.3000,5
GZH9,19:05:02,15441.3000,1
GZH9,19:05:02,16740.5900,4
GZH9,19:05:02,17063.5500,15
GZH9,19:05:02,16576.0200,10
GZH9,19:05:02,16592.3400,1
GZH9,19:05:03,16429.6700,2
GZH9,19:05:03,15941.6600,1
GZH9,19:05:03,16752.9500,4
GZH9,19:05:03,16590.3000,4
GZH9,19:05:03,16910.4000,1
GZH9,19:05:03,16092.4500,1
GZH9,19:05:03,16580.1000,3
GZH9,19:05:03,15930.8800,7
GZH9,19:05:03,15931.8600,1
GZH9,19:05:04,16582.1400,15
GZH9,19:05:04,15765.4100,22
GZH9,19:05:04,16415.5300,28
GZH9,19:05:05,16584.1800,4
GZH9,19:05:05,16911.4400,4
GZH9,19:05:05,15773.1700,6
GZH9,19:05:05,16587.2400,20
GZH9,19:05:05,15449.8500,4
GZH9,19:05:05,15614.4000,4
GZH9,19:05:05,15451.7500,2
GZH9,19:05:05,15939.7000,20
GZH9,19:05:05,15611.5200,4
GZH9,19:05:05,15939.7000,40
GZH9,19:05:05,15614.4000,10
GZH9,19:05:05,16258.0000,2
GZH9,19:05:05,15770.2600,13
GZH9,19:05:05,17069.8500,4
GZH9,19:05:05,16741.6200,33
GZH9,19:05:11,16421.5900,3
GZH9,19:05:18,16747.8000,2
GZH9,19:05:18,15773.1700,4
GZH9,19:05:18,15774.1400,2
GZH9,19:05:18,15612.4800,4
GZH9,19:05:18,16264.0000,2
GZH9,19:05:18,15451.7500,4
GZH9,19:05:18,16103.3400,2
GZH9,19:05:18,15615.3600,10
GZH9,19:05:21,15938.7200,2
GZH9,19:05:23,15452.7000,5
GZH9,19:05:23,16756.0400,2
GZH9,19:05:23,15942.6400,1
GZH9,19:05:23,16270.0000,1
GZH9,19:05:24,15781.9000,9
GZH9,19:05:24,16759.1300,4
GZH9,19:05:24,16434.7200,1
GZH9,19:05:24,16435.7300,4
GZH9,19:05:24,16446.8400,2
GZH9,19:05:24,15469.8000,4
GZH9,19:05:24,16773.5500,20
GZH9,19:05:24,16611.7200,2
GZH9,19:05:24,16611.7200,4
GZH9,19:05:24,15961.2600,3
GZH9,19:05:24,15472.6500,2
GZH9,19:05:24,16449.8700,12
GZH9,19:05:24,16436.7400,2
GZH9,19:05:24,16922.8800,4
GZH9,19:05:24,17087.7000,2
GZH9,19:05:24,16924.9600,4
GZH9,19:05:24,17085.6000,4
GZH9,19:05:24,16597.4400,35
GZH9,19:05:26,17083.5000,1
GZH9,19:05:27,16108.2900,2
GZH9,19:05:27,16270.0000,3
GZH9,19:05:35,16273.0000,2
GZH9,19:05:35,17086.6500,1
GZH9,19:05:36,15624.9600,5
GZH9,19:05:36,16275.0000,2
GZH9,19:05:37,15955.3800,2
GZH9,19:05:37,16769.4300,53
GZH9,19:05:43,16285.0000,5
GZH9,19:05:48,16767.3700,1
GZH9,19:05:56,16603.5600,2
GZH9,19:05:56,16603.5600,1
GZH9,19:05:57,16118.1900,4
GZH9,19:05:57,15467.9000,5
GZH9,19:05:57,16121.1600,4
GZH9,19:05:57,15795.4800,7
GZH9,19:05:57,15794.5100,3
GZH9,19:06:04,16444.8200,2
GZH9,19:06:04,16933.2800,2
GZH9,19:06:04,16607.6400,3
GZH9,19:06:04,16770.4600,1
GZH9,19:06:04,16445.8300,2
GZH9,19:06:04,17097.1500,1
GZH9,19:06:04,15794.5100,1
GZH9,19:06:04,15958.3200,2
GZH9,19:06:06,16768.4000,4
GZH9,19:06:06,15790.6300,2
GZH9,19:06:06,15464.1000,4
GZH9,19:06:06,16766.3400,1
GZH9,19:06:06,17091.9000,4
GZH9,19:06:06,16439.7700,1
GZH9,19:06:09,16924.9600,1
GZH9,19:06:10,15954.4000,1
GZH9,19:06:10,15791.6000,1
GZH9,19:06:10,16605.6000,1
GZH9,19:06:10,17094.0000,1
GZH9,19:06:10,16280.0000,1
GZH9,19:06:10,15791.6000,1
GZH9,19:06:10,16605.6000,3
GZH9,19:06:10,16768.4000,1
GZH9,19:06:10,16932.2400,2
GZH9,19:06:10,16932.2400,1
GZH9,19:06:10,16606.6200,1
GZH9,19:06:10,16606.6200,4
GZH9,19:06:10,16770.4600,1
GZH9,19:06:10,17096.1000,1
GZH9,19:06:10,15956.3600,1
GZH9,19:06:10,15630.7200,2
GZH9,19:06:10,16608.6600,2
GZH9,19:06:10,16445.8300,1
GZH9,19:06:10,16772.5200,1
GZH9,19:06:10,15632.6400,1
GZH9,19:06:10,16935.3600,1
GZH9,19:06:10,16285.0000,3
GZH9,19:06:10,15633.6000,2
GZH9,19:06:10,16936.4000,1
GZH9,19:06:10,17099.2500,1
GZH9,19:06:10,16285.0000,2
GZH9,19:06:10,15633.6000,1
GZH9,19:06:10,15959.3000,1
GZH9,19:06:10,16285.0000,2
GZH9,19:06:10,16937.4400,4
GZH9,19:06:10,15634.5600,1
GZH9,19:06:10,17101.3500,2
GZH9,19:06:10,15471.7000,1
GZH9,19:06:10,16774.5800,1
GZH9,19:06:10,17100.3000,1
GZH9,19:06:10,16123.1400,1
GZH9,19:06:10,16123.1400,1
GZH9,19:06:10,16123.1400,1
GZH9,19:06:10,16448.8600,1
GZH9,19:06:10,16448.8600,1
GZH9,19:06:10,16448.8600,1
GZH9,19:06:10,15960.2800,1
GZH9,19:06:10,16449.8700,1
GZH9,19:06:10,16938.4800,6
GZH9,19:06:11,15469.8000,3
GZH9,19:06:13,16284.0000,1
GZH9,19:06:15,16770.4600,2
GZH9,19:06:20,16282.0000,2
GZH9,19:06:20,15793.5400,3
GZH9,19:06:23,16444.8200,4
GZH9,19:06:23,16281.0000,2
GZH9,19:06:23,16281.0000,1
GZH9,19:06:27,15791.6000,1
GZH9,19:06:27,16605.6000,1
GZH9,19:06:27,15953.4200,1
GZH9,19:06:30,16609.6800,2
GZH9,19:06:33,16609.6800,1
GZH9,19:06:35,15793.5400,2
GZH9,19:06:35,16282.0000,2
GZH9,19:06:35,16442.8000,2
GZH9,19:06:37,17097.1500,1
GZH9,19:06:43,15959.3000,2
GZH9,19:06:43,16771.4900,2
GZH9,19:06:43,16937.4400,2
GZH9,19:06:43,16937.4400,2
GZH9,19:06:44,16770.4600,2
GZH9,19:06:45,16446.8400,2
GZH9,19:06:47,16285.0000,2
GZH9,19:06:48,16124.1300,2
GZH9,19:06:48,16776.6400,2
GZH9,19:06:48,16449.8700,2
GZH9,19:06:48,16449.8700,2
GZH9,19:06:48,15797.4200,4
GZH9,19:06:48,16936.4000,2
GZH9,19:06:49,16773.5500,1
GZH9,19:06:51,16608.6600,2
GZH9,19:06:51,16282.0000,2
GZH9,19:06:51,16937.4400,4
GZH9,19:06:52,16286.0000,5
GZH9,19:06:52,15960.2800,13
GZH9,19:06:53,16937.4400,2
GZH9,19:06:53,16611.7200,2
GZH9,19:06:53,16123.1400,1
GZH9,19:06:53,16940.5600,20
GZH9,19:06:53,15963.2200,10
GZH9,19:06:53,15800.3300,5
GZH9,19:06:53,16777.6700,4
GZH9,19:06:53,16126.1100,1
GZH9,19:06:53,16614.7800,4
GZH9,19:06:53,15963.2200,12
GZH9,19:06:53,16940.5600,1
GZH9,19:06:53,17104.5000,1
GZH9,19:06:53,15638.4000,1
GZH9,19:06:53,15964.2000,6
GZH9,19:06:53,16778.7000,1
GZH9,19:06:53,16294.0000,2
GZH9,19:06:53,16614.7800,1
GZH9,19:06:53,16777.6700,1
GZH9,19:06:53,15474.5500,1
GZH9,19:06:53,16451.8900,3
GZH9,19:06:54,16289.0000,1
GZH9,19:06:54,15800.3300,2
GZH9,19:06:57,16289.0000,2
GZH9,19:06:57,15637.4400,1
GZH9,19:06:57,17102.4000,1
GZH9,19:06:57,16124.1300,4
GZH9,19:06:57,15472.6500,1
GZH9,19:06:57,15635.5200,1
GZH9,19:06:57,15634.5600,1
GZH9,19:06:57,16773.5500,1
GZH9,19:06:59,16780.7600,1
GZH9,19:07:04,15641.2800,2
GZH9,19:07:04,16617.8400,2
GZH9,19:07:04,17106.6000,2
GZH9,19:07:07,16458.9600,1
GZH9,19:07:08,16296.0000,2
GZH9,19:07:10,16131.0600,3
GZH9,19:07:12,16453.9100,1
GZH9,19:07:12,16779.7300,3
GZH9,19:07:17,16452.9000,4
GZH9,19:07:17,16940.5600,2
GZH9,19:07:17,16126.1100,1
GZH9,19:07:17,16125.1200,1
GZH9,19:07:17,15473.6000,1
GZH9,19:07:17,16937.4400,1
GZH9,19:07:17,15633.6000,1
GZH9,19:07:17,16772.5200,1
GZH9,19:07:17,17098.2000,4
GZH9,19:07:17,15795.4800,8
GZH9,19:07:17,16286.0000,2
GZH9,19:07:18,15794.5100,3
GZH9,19:07:18,16608.6600,1
GZH9,19:07:18,16607.6400,3
GZH9,19:07:18,15631.6800,1
GZH9,19:07:18,16608.6600,1
GZH9,19:07:18,16934.3200,1
GZH9,19:07:19,15468.8500,19
GZH9,19:07:19,15631.6800,1
GZH9,19:07:19,15794.5100,1
GZH9,19:07:20,17096.1000,1
GZH9,19:07:20,15467.9000,1
GZH9,19:07:21,17095.0500,13
GZH9,19:07:21,16445.8300,2
GZH9,19:07:21,16446.8400,2
GZH9,19:07:30,15471.7000,1
GZH9,19:07:32,16939.5200,4
GZH9,19:07:32,15636.4800,51
GZH9,19:07:33,16940.5600,4
GZH9,19:07:33,15962.2400,2
GZH9,19:07:33,16125.1200,1
GZH9,19:07:33,15472.6500,4
GZH9,19:07:33,16124.1300,2
GZH9,19:07:33,16611.7200,2
GZH9,19:07:33,15797.4200,1
GZH9,19:07:33,16611.7200,22
GZH9,19:07:34,15473.6000,1
GZH9,19:07:34,16777.6700,1
GZH9,19:07:34,16286.0000,1
GZH9,19:07:37,16123.1400,1
GZH9,19:07:37,16447.8500,1
GZH9,19:07:37,15469.8000,1
GZH9,19:07:37,15631.6800,1
GZH9,19:07:37,16608.6600,1
GZH9,19:07:37,15957.3400,2
GZH9,19:07:37,16120.1700,1
GZH9,19:07:37,15793.5400,1
GZH9,19:07:37,15629.7600,1
GZH9,19:07:37,15629.7600,1
GZH9,19:07:38,15628.8000,1
GZH9,19:07:38,15627.8400,1
GZH9,19:07:38,15952.4400,1
GZH9,19:07:39,16765.3100,1
GZH9,19:07:39,16602.5400,3
GZH9,19:07:39,15462.2000,1
GZH9,19:07:40,16111.2600,1
GZH9,19:07:40,16273.0000,1
GZH9,19:07:41,16272.0000,1
GZH9,19:07:41,15783.8400,1
GZH9,19:07:41,15620.1600,4
GZH9,19:07:42,15455.5500,1
GZH9,19:07:43,16431.6900,1
GZH9,19:07:43,15455.5500,1
GZH9,19:07:44,15618.2400,1
GZH9,19:07:44,15455.5500,1
GZH9,19:07:44,15618.2400,1
GZH9,19:07:44,15780.9300,1
GZH9,19:07:44,15455.5500,1
GZH9,19:07:44,17082.4500,1
GZH9,19:07:45,16431.6900,1
GZH9,19:07:45,17082.4500,12
GZH9,19:07:45,17082.4500,1
GZH9,19:07:45,15943.6200,1
GZH9,19:07:46,15780.9300,11
GZH9,19:07:46,16436.7400,4
GZH9,19:07:49,15946.5600,4
GZH9,19:07:49,17086.6500,2
GZH9,19:07:49,16111.2600,4
GZH9,19:07:49,15623.0400,3
GZH9,19:07:49,16110.2700,4
GZH9,19:07:49,16600.5000,9
GZH9,19:07:49,17089.8000,3
GZH9,19:07:50,15463.1500,2
GZH9,19:07:50,16115.2200,4
GZH9,19:07:50,16767.3700,6
GZH9,19:07:50,16279.0000,4
GZH9,19:07:50,15628.8000,2
GZH9,19:07:50,15954.4000,1
GZH9,19:07:50,15955.3800,2
GZH9,19:07:50,16118.1900,2
GZH9,19:07:50,16281.0000,1
GZH9,19:07:50,15466.9500,1
GZH9,19:07:50,15792.5700,4
GZH9,19:07:50,16933.2800,2
GZH9,19:07:50,15956.3600,1
GZH9,19:07:50,15794.5100,4
GZH9,19:07:55,16606.6200,1
GZH9,19:07:57,16444.8200,4
GZH9,19:07:57,16443.8100,1
GZH9,19:07:57,16768.4000,4
GZH9,19:07:57,15954.4000,1
GZH9,19:07:57,15466.0000,1
GZH9,19:07:57,16768.4000,1
GZH9,19:07:57,16116.2100,2
GZH9,19:07:57,15951.4600,1
GZH9,19:07:57,15624.0000,1
GZH9,19:07:57,16113.2400,3
GZH9,19:07:58,16762.2200,1
GZH9,19:07:58,15622.0800,1
GZH9,19:07:58,17085.6000,1
GZH9,19:07:59,16271.0000,1
GZH9,19:07:59,15457.4500,3
GZH9,19:07:59,16596.4200,5
GZH9,19:07:59,16432.7000,1
GZH9,19:07:59,16433.7100,1
GZH9,19:07:59,15782.8700,1
GZH9,19:08:00,16921.8400,1
GZH9,19:08:00,16758.1000,1
GZH9,19:08:00,16595.4000,1
GZH9,19:08:01,16105.3200,1
GZH9,19:08:01,15778.9900,1
GZH9,19:08:01,16917.6800,1
GZH9,19:08:01,16916.6400,1
GZH9,19:08:01,16918.7200,1
GZH9,19:08:01,15780.9300,1
GZH9,19:08:02,15780.9300,1
GZH9,19:08:03,16757.0700,1
GZH9,19:08:03,17082.4500,1
GZH9,19:08:03,15618.2400,1
GZH9,19:08:03,16594.3800,10
GZH9,19:08:03,16106.3100,4
GZH9,19:08:03,16431.6900,2
GZH9,19:08:03,15618.2400,4
GZH9,19:08:09,15456.5000,1
GZH9,19:08:09,17083.5000,1
GZH9,19:08:09,17083.5000,1
GZH9,19:08:12,15944.6000,1
GZH9,19:08:12,16432.7000,1
GZH9,19:08:13,16920.8000,2
GZH9,19:08:13,16758.1000,3
GZH9,19:08:13,16432.7000,2
GZH9,19:08:13,15456.5000,2
GZH9,19:08:13,16107.3000,2
GZH9,19:08:13,16270.0000,2
GZH9,19:08:13,16920.8000,2
GZH9,19:08:13,16107.3000,12
GZH9,19:08:13,16107.3000,3
GZH9,19:08:13,16595.4000,4
GZH9,19:08:13,17083.5000,1
GZH9,19:08:13,15784.8100,2
GZH9,19:08:13,15787.7200,2
GZH9,19:08:13,15463.1500,1
GZH9,19:08:13,16114.2300,8
GZH9,19:08:13,17090.8500,4
GZH9,19:08:13,16441.7900,1
GZH9,19:08:13,16930.1600,4
GZH9,19:08:13,15626.8800,2
GZH9,19:08:13,16115.2200,2
GZH9,19:08:13,16439.7700,2
GZH9,19:08:13,15625.9200,1
GZH9,19:08:13,16439.7700,1
GZH9,19:08:13,17090.8500,1
GZH9,19:08:13,16114.2300,1
GZH9,19:08:13,16603.5600,1
GZH9,19:08:13,15952.4400,1
GZH9,19:08:13,16603.5600,4
GZH9,19:08:13,15627.8400,1
GZH9,19:08:13,16111.2600,2
GZH9,19:08:22,15625.9200,1
GZH9,19:08:22,16928.0800,1
GZH9,19:08:22,16765.3100,3
GZH9,19:08:33,16279.0000,1
GZH9,19:08:33,16603.5600,4
GZH9,19:08:33,17091.9000,1
GZH9,19:08:34,16602.5400,1
GZH9,19:08:34,16765.3100,2
GZH9,19:08:34,15950.4800,1
GZH9,19:08:35,16115.2200,7
GZH9,19:08:42,16279.0000,4
GZH9,19:08:42,16279.0000,6
GZH9,19:08:43,16608.6600,4
GZH9,19:08:45,16120.1700,4
GZH9,19:08:48,16281.0000,2
GZH9,19:08:55,17100.3000,1
GZH9,19:08:55,16448.8600,4
GZH9,19:08:55,16123.1400,28
GZH9,19:08:55,16776.6400,2
GZH9,19:09:02,15797.4200,15
GZH9,19:09:02,16771.4900,1
GZH9,19:09:03,15795.4800,4
GZH9,19:09:03,16447.8500,2
GZH9,19:09:03,15796.4500,1
GZH9,19:09:03,15634.5600,2
GZH9,19:09:03,15960.2800,3
GZH9,19:09:10,15955.3800,1
GZH9,19:09:10,15955.3800,1
GZH9,19:09:10,15466.9500,10
GZH9,19:09:18,16112.2500,2
GZH9,19:09:32,16117.2000,1
GZH9,19:09:41,17089.8000,2
GZH9,19:09:46,15948.5200,2
GZH9,19:09:46,15784.8100,5
GZH9,19:09:54,16596.4200,1
GZH9,19:09:58,16108.2900,1
GZH9,19:10:06,16433.7100,2
GZH9,19:10:06,15945.5800,3
GZH9,19:10:12,15945.5800,3
GZH9,19:10:18,15944.6000,1
GZH9,19:10:20,16920.8000,3
GZH9,19:10:24,15943.6200,1
GZH9,19:10:25,16435.7300,2
GZH9,19:10:34,16437.7500,4
GZH9,19:10:40,17090.8500,2
GZH9,19:10:40,17090.8500,1
GZH9,19:10:40,16114.2300,1
GZH9,19:10:40,15788.6900,3
GZH9,19:10:40,15950.4800,2
GZH9,19:10:40,16276.0000,1
GZH9,19:10:40,15787.7200,4
GZH9,19:10:40,16600.5000,1
GZH9,19:10:40,15949.5000,2
GZH9,19:10:40,16436.7400,2
GZH9,19:10:40,16761.1900,2
GZH9,19:10:40,15946.5600,2
GZH9,19:10:40,16921.8400,4
GZH9,19:10:40,16433.7100,2
GZH9,19:10:40,15460.3000,2
GZH9,19:10:40,16435.7300,2
GZH9,19:10:51,15945.5800,2
GZH9,19:10:51,15456.5000,1
GZH9,19:11:12,15944.6000,1
GZH9,19:11:12,15943.6200,3
GZH9,19:11:12,16268.0000,1
GZH9,19:11:12,16593.3600,1
GZH9,19:11:12,16105.3200,2
GZH9,19:11:12,16430.6800,1
GZH9,19:11:12,16918.7200,2
GZH9,19:11:12,15616.3200,1
GZH9,19:11:12,17080.3500,2
GZH9,19:11:12,16103.3400,1
GZH9,19:11:12,16428.6600,2
GZH9,19:11:12,16265.0000,2
GZH9,19:11:12,16102.3500,1
GZH9,19:11:12,16752.9500,34
GZH9,19:11:12,16102.3500,1
GZH9,19:11:12,17078.2500,1
GZH9,19:11:13,15451.7500,1
GZH9,19:11:26,16590.3000,1
GZH9,19:11:26,16590.3000,2
GZH9,19:11:40,15617.2800,1
GZH9,19:11:40,15779.9600,11
GZH9,19:11:40,17081.4000,6
GZH9,19:11:48,17077.2000,2
GZH9,19:11:51,15449.8500,1
GZH9,19:11:51,15775.1100,1
GZH9,19:11:56,16424.6200,1
GZH9,19:12:05,15934.8000,2
GZH9,19:12:05,16584.1800,1
GZH9,19:12:05,15771.2300,2
GZH9,19:12:10,16095.4200,4
GZH9,19:12:10,15443.2000,1
GZH9,19:12:12,15605.7600,1
GZH9,19:12:12,15604.8000,1
GZH9,19:12:15,15604.8000,2
GZH9,19:12:21,15768.3200,2
GZH9,19:12:22,16093.4400,1
GZH9,19:12:24,15606.7200,1
GZH9,19:12:24,16907.2800,2
GZH9,19:12:27,15445.1000,2
GZH9,19:12:27,15930.8800,1
GZH9,19:12:29,16256.0000,1
GZH9,19:12:32,15607.6800,1
GZH9,19:12:33,15930.8800,1
GZH9,19:12:36,16579.0800,1
GZH9,19:12:36,16904.1600,2
GZH9,19:12:49,16252.0000,4
GZH9,19:12:49,15764.4400,1
GZH9,19:12:56,15605.7600,4
GZH9,19:12:56,15930.8800,1
GZH9,19:12:58,16254.0000,3
GZH9,19:13:08,16255.0000,1
GZH9,19:13:13,16255.0000,2
GZH9,19:13:15,16904.1600,2
GZH9,19:13:15,15766.3800,5
GZH9,19:13:15,17065.6500,1
GZH9,19:13:15,15602.8800,2
GZH9,19:13:15,16578.0600,1
GZH9,19:13:15,15439.4000,1
GZH9,19:13:15,16089.4800,3
GZH9,19:13:19,16903.1200,1
GZH9,19:13:20,16253.0000,1
GZH9,19:13:25,16744.7100,4
GZH9,19:13:25,17069.8500,2
GZH9,19:13:25,16095.4200,1
GZH9,19:13:25,15607.6800,1
GZH9,19:13:25,16584.1800,4
GZH9,19:13:25,16584.1800,2
GZH9,19:13:25,16746.7700,1
GZH9,19:13:25,16097.4000,2
GZH9,19:13:25,15447.0000,2
GZH9,19:13:25,15772.2000,1
GZH9,19:13:25,15609.6000,1
GZH9,19:13:25,17073.0000,1
GZH9,19:13:25,15447.9500,4
GZH9,19:13:25,16748.8300,2
GZH9,19:13:25,16586.2200,1
GZH9,19:13:25,16912.4800,2
GZH9,19:13:25,15774.1400,1
GZH9,19:13:25,16425.6300,4
GZH9,19:13:25,16100.3700,2
GZH9,19:13:25,16263.0000,1
GZH9,19:13:25,16426.6400,2
GZH9,19:13:25,16751.9200,1
GZH9,19:13:25,15777.0500,2
GZH9,19:13:25,15777.0500,1
GZH9,19:13:25,16591.3200,2
GZH9,19:13:25,15452.7000,1
GZH9,19:13:25,15615.3600,2
GZH9,19:13:26,16423.6100,4
GZH9,19:13:26,16261.0000,3
GZH9,19:13:26,17075.1000,2
GZH9,19:13:26,16749.8600,3
GZH9,19:13:26,15936.7600,1
GZH9,19:13:26,16750.8900,4
GZH9,19:13:26,16588.2600,3
GZH9,19:13:26,16426.6400,2
GZH9,19:13:26,15450.8000,1
GZH9,19:13:26,16914.5600,1
GZH9,19:13:26,15777.0500,4
GZH9,19:13:26,16265.0000,2
GZH9,19:13:26,16752.9500,1
GZH9,19:13:26,17079.3000,10
GZH9,19:13:26,16591.3200,1
GZH9,19:13:26,16104.3300,1
GZH9,19:13:26,15778.9900,2
GZH9,19:13:26,16429.6700,1
GZH9,19:13:26,16268.0000,2
GZH9,19:13:26,16756.0400,1
GZH9,19:13:26,16105.3200,1
GZH9,19:13:41,16100.3700,4
GZH9,19:13:41,16588.2600,2
GZH9,19:13:41,16099.3800,2
GZH9,19:13:41,16749.8600,1
GZH9,19:13:41,16912.4800,1
GZH9,19:13:42,16425.6300,1
GZH9,19:13:43,15940.6800,1
GZH9,19:13:43,17079.3000,1
GZH9,19:13:51,16102.3500,6
GZH9,19:13:59,16268.0000,1
GZH9,19:13:59,15943.6200,1
GZH9,19:13:59,15944.6000,1
GZH9,19:13:59,16920.8000,2
GZH9,19:13:59,16270.0000,2
GZH9,19:14:02,15456.5000,1
GZH9,19:14:07,16274.0000,1
GZH9,19:14:12,17086.6500,1
GZH9,19:14:34,15947.5400,4
GZH9,19:14:34,16598.4600,2
GZH9,19:14:34,15458.4000,2
GZH9,19:14:34,16922.8800,2
GZH9,19:14:34,15782.8700,4
GZH9,19:14:34,15620.1600,2
GZH9,19:14:34,16270.0000,2
GZH9,19:14:34,15944.6000,2
GZH9,19:14:34,16758.1000,1
GZH9,19:14:34,17082.4500,4
GZH9,19:14:34,15780.9300,2
GZH9,19:14:34,16594.3800,1
GZH9,19:14:34,16105.3200,2
GZH9,19:14:34,15779.9600,1
GZH9,19:14:34,15454.6000,2
GZH9,19:14:34,16918.7200,1
GZH9,19:14:34,16756.0400,16
GZH9,19:14:34,15945.5800,4
GZH9,19:14:34,17083.5000,2
GZH9,19:14:34,15944.6000,2
GZH9,19:14:34,16431.6900,2
GZH9,19:14:34,15455.5500,4
GZH9,19:14:34,15780.9300,2
GZH9,19:14:34,16918.7200,2
GZH9,19:14:34,16918.7200,2
GZH9,19:14:34,16267.0000,4
GZH9,19:14:34,16592.3400,2
GZH9,19:14:34,16755.0100,1
GZH9,19:14:34,16104.3300,18
GZH9,19:14:34,16104.3300,5
GZH9,19:14:46,15457.4500,2
GZH9,19:14:46,16271.0000,2
GZH9,19:14:55,15455.5500,1
GZH9,19:14:55,15618.2400,1
GZH9,19:14:57,16430.6800,2
GZH9,19:14:57,16105.3200,1
GZH9,19:14:57,16104.3300,1
GZH9,19:14:58,16267.0000,1
GZH9,19:14:59,15940.6800,2
GZH9,19:15:13,16748.8300,1
GZH9,19:15:13,16101.3600,1
GZH9,19:15:19,16751.9200,1
GZH9,19:15:30,16098.3900,1
GZH9,19:15:30,16748.8300,2
GZH9,19:15:30,16911.4400,1
GZH9,19:15:40,15772.2000,1
GZH9,19:15:50,16260.0000,1
GZH9,19:15:50,17073.0000,2
GZH9,19:15:50,16747.8000,2
GZH9,19:15:51,16909.3600,1
GZH9,19:16:25,15775.1100,4
GZH9,19:16:25,16913.5200,5
GZH9,19:16:42,17076.1500,10
GZH9,19:16:59,15775.1100,5
GZH9,19:16:59,16914.5600,1
GZH9,19:17:25,16430.6800,4
GZH9,19:17:25,16268.0000,1
GZH9,19:18:18,15779.9600,1
GZH9,19:18:19,16430.6800,1
GZH9,19:18:19,15455.5500,1
GZH9,19:18:20,16431.6900,1
GZH9,19:18:35,16595.4000,1
GZH9,19:18:42,16757.0700,1
GZH9,19:18:42,16595.4000,2
GZH9,19:18:42,16270.0000,28
GZH9,19:18:44,16920.8000,20
GZH9,19:18:44,17083.5000,2
GZH9,19:18:48,15458.4000,4
GZH9,19:18:48,16273.0000,2
GZH9,19:18:57,15621.1200,2
GZH9,19:19:52,16432.7000,1
GZH9,19:19:52,16920.8000,1
GZH9,19:19:56,16758.1000,6
GZH9,19:20:07,15778.0200,1
GZH9,19:20:07,15778.0200,4
GZH9,19:20:07,17079.3000,2
GZH9,19:20:08,16917.6800,4
GZH9,19:20:08,15616.3200,2
GZH9,19:20:08,16268.0000,1
GZH9,19:20:08,16268.0000,2
GZH9,19:20:08,16757.0700,1
GZH9,19:20:08,16269.0000,4
GZH9,19:20:08,15455.5500,2
GZH9,19:20:08,16919.7600,1
GZH9,19:20:08,15618.2400,1
GZH9,19:20:08,16107.3000,9
GZH9,19:20:08,16432.7000,1
GZH9,19:20:08,16432.7000,2
GZH9,19:20:27,16751.9200,1
GZH9,19:20:27,15776.0800,4
GZH9,19:20:31,15774.1400,32
GZH9,19:20:31,16912.4800,6
GZH9,19:20:34,16583.1600,1
GZH9,19:20:34,17070.9000,1
GZH9,19:20:46,16256.0000,1
GZH9,19:21:00,16256.0000,1
GZH9,19:21:06,16906.2400,1
GZH9,19:21:09,16906.2400,1
GZH9,19:21:21,16260.0000,1
GZH9,19:21:26,15444.1500,1
GZH9,19:21:39,16906.2400,1
GZH9,19:21:39,16093.4400,2
GZH9,19:21:40,16418.5600,7
GZH9,19:21:56,15771.2300,2
GZH9,19:21:56,16910.4000,4
GZH9,19:22:03,15938.7200,2
GZH9,19:22:03,15613.4400,1
GZH9,19:22:33,15938.7200,1
GZH9,19:22:33,16264.0000,1
GZH9,19:23:13,16590.3000,1
GZH9,19:23:29,16425.6300,5
GZH9,19:23:42,15777.0500,2
GZH9,19:23:51,15943.6200,1
GZH9,19:24:32,16436.7400,1
GZH9,19:24:32,16599.4800,1
GZH9,19:24:33,15624.0000,1
GZH9,19:24:33,15949.5000,19
GZH9,19:24:33,15624.0000,21
GZH9,19:24:33,15624.0000,10
GZH9,19:24:33,16112.2500,5
GZH9,19:24:33,15461.2500,3
GZH9,19:24:33,16112.2500,2
GZH9,19:24:33,15786.7500,9
GZH9,19:24:33,16437.7500,11
GZH9,19:24:33,16600.5000,9
GZH9,19:24:33,15949.5000,16
GZH9,19:24:33,16763.2500,9
GZH9,19:24:33,16437.7500,2
GZH9,19:24:33,16926.0000,29
GZH9,19:24:35,16601.5200,19
GZH9,19:24:35,16112.2500,2
GZH9,19:24:40,16598.4600,2
GZH9,19:24:40,15784.8100,1
GZH9,19:24:40,16759.1300,1
GZH9,19:24:40,15619.2000,1
GZH9,19:24:40,16270.0000,2
GZH9,19:24:40,16432.7000,2
GZH9,19:24:47,17084.5500,1
GZH9,19:24:50,15784.8100,1
GZH9,19:24:51,17083.5000,2
GZH9,19:25:19,17089.8000,1
GZH9,19:25:19,16437.7500,4
GZH9,19:25:19,15461.2500,1
GZH9,19:25:30,15624.0000,2
GZH9,19:25:30,16763.2500,1
GZH9,19:25:33,15623.0400,1
GZH9,19:25:33,15785.7800,1
GZH9,19:25:39,15459.3500,1
GZH9,19:25:44,16110.2700,1
GZH9,19:26:04,16273.0000,4
GZH9,19:26:04,16110.2700,1
GZH9,19:26:04,15947.5400,2
GZH9,19:26:04,16597.4400,1
GZH9,19:26:04,16922.8800,2
GZH9,19:26:08,16275.0000,1
GZH9,19:26:08,15786.7500,16
GZH9,19:26:08,17089.8000,1
GZH9,19:26:08,15952.4400,2
GZH9,19:26:08,15465.0500,48
GZH9,19:26:08,16441.7900,2
GZH9,19:26:08,16279.0000,4
GZH9,19:26:08,16118.1900,2
GZH9,19:26:08,15792.5700,2
GZH9,19:26:08,16443.8100,4
GZH9,19:26:08,15630.7200,34
GZH9,19:26:08,17096.1000,2
GZH9,19:26:08,17097.1500,2
GZH9,19:26:08,17098.2000,2
GZH9,19:26:08,16284.0000,2
GZH9,19:26:08,16772.5200,4
GZH9,19:26:09,15470.7500,33
GZH9,19:26:09,16936.4000,1
GZH9,19:26:10,16285.0000,16
GZH9,19:26:10,16937.4400,4
GZH9,19:26:10,15635.5200,3
GZH9,19:26:10,15798.3900,2
GZH9,19:26:10,15962.2400,5
GZH9,19:26:10,15636.4800,5
GZH9,19:26:10,16939.5200,1
GZH9,19:26:10,15636.4800,2
GZH9,19:26:10,16939.5200,12
GZH9,19:26:10,16611.7200,4
GZH9,19:26:10,15632.6400,4
GZH9,19:26:10,17098.2000,1
GZH9,19:26:10,15795.4800,2
GZH9,19:26:10,15632.6400,4
GZH9,19:26:10,16446.8400,1
GZH9,19:26:10,17100.3000,4
GZH9,19:26:10,16286.0000,1
GZH9,19:26:11,15799.3600,1
GZH9,19:26:11,17102.4000,1
GZH9,19:26:13,16450.8800,1
GZH9,19:26:13,16609.6800,1
GZH9,19:26:15,15632.6400,1
GZH9,19:26:16,16450.8800,2
GZH9,19:26:16,15799.3600,1
GZH9,19:26:16,16613.7600,1
GZH9,19:26:16,16777.6700,36
GZH9,19:26:16,17103.4500,10
GZH9,19:26:16,15635.5200,4
GZH9,19:26:16,15798.3900,2
GZH9,19:26:16,17100.3000,9
GZH9,19:26:16,16774.5800,14
GZH9,19:26:16,16777.6700,4
GZH9,19:26:16,16127.1000,1
GZH9,19:26:16,16290.0000,2
GZH9,19:26:16,16779.7300,1
GZH9,19:26:16,16616.8200,2
GZH9,19:26:16,16779.7300,4
GZH9,19:26:16,15639.3600,1
GZH9,19:26:16,15966.1600,1
GZH9,19:26:16,16292.0000,2
GZH9,19:26:16,15641.2800,2
GZH9,19:26:16,15967.1400,1
GZH9,19:26:16,16455.9300,1
GZH9,19:26:16,15478.3500,2
GZH9,19:26:16,17108.7000,10
GZH9,19:26:16,15479.3000,1
GZH9,19:26:16,16782.8200,2
GZH9,19:26:16,15643.2000,5
GZH9,19:26:16,15969.1000,8
GZH9,19:26:16,15963.2200,4
GZH9,19:26:16,16777.6700,1
GZH9,19:26:16,17102.4000,2
GZH9,19:26:16,16125.1200,6
GZH9,19:26:16,15962.2400,14
GZH9,19:26:16,15960.2800,15
GZH9,19:26:16,16937.4400,12
GZH9,19:26:16,15634.5600,1
GZH9,19:26:16,15799.3600,2
GZH9,19:26:16,16613.7600,13
GZH9,19:26:16,16776.6400,5
GZH9,19:26:16,15636.4800,8
GZH9,19:26:16,16776.6400,13
GZH9,19:26:16,16615.8000,4
GZH9,19:26:16,16127.1000,2
GZH9,19:26:16,17104.5000,1
GZH9,19:26:16,15966.1600,4
GZH9,19:26:16,16292.0000,1
GZH9,19:26:16,16617.8400,2
GZH9,19:26:16,16129.0800,1
GZH9,19:26:16,15642.2400,1
GZH9,19:26:16,15479.3000,4
GZH9,19:26:16,16782.8200,1
GZH9,19:26:16,17108.7000,1
GZH9,19:26:16,16456.9400,9
GZH9,19:26:16,16619.8800,15
GZH9,19:26:16,17108.7000,15
GZH9,19:26:16,16455.9300,4
GZH9,19:26:16,15964.2000,4
GZH9,19:26:16,16614.7800,2
GZH9,19:26:16,15474.5500,2
GZH9,19:26:16,16613.7600,4
GZH9,19:26:16,16126.1100,16
GZH9,19:26:16,16289.0000,15
GZH9,19:26:16,15638.4000,4
GZH9,19:26:16,16943.6800,4
GZH9,19:26:16,15477.4000,11
GZH9,19:26:16,15967.1400,4
GZH9,19:26:16,16454.9200,8
GZH9,19:26:16,15477.4000,2
GZH9,19:26:16,16454.9200,1
GZH9,19:26:17,15477.4000,3
GZH9,19:26:17,15477.4000,2
GZH9,19:26:17,16945.7600,2
GZH9,19:26:17,16131.0600,1
GZH9,19:26:17,17108.7000,5
GZH9,19:26:17,16945.7600,15
GZH9,19:26:17,15479.3000,36
GZH9,19:26:17,17106.6000,2
GZH9,19:26:17,16617.8400,5
GZH9,19:26:17,16292.0000,11
GZH9,19:26:17,16129.0800,7
GZH9,19:26:17,15640.3200,18
GZH9,19:26:17,15966.1600,1
GZH9,19:26:17,16129.0800,9
GZH9,19:26:17,16292.0000,5
GZH9,19:26:17,15640.3200,3
GZH9,19:26:17,15477.4000,18
GZH9,19:26:17,15640.3200,12
GZH9,19:26:17,16129.0800,6
GZH9,19:26:20,16454.9200,1
GZH9,19:26:25,16292.0000,1
GZH9,19:26:25,16780.7600,1
GZH9,19:26:25,15641.2800,4
GZH9,19:26:25,15804.2100,2
GZH9,19:26:25,16944.7200,1
GZH9,19:26:26,16782.8200,1
GZH9,19:26:29,15803.2400,1
GZH9,19:26:33,15805.1800,1
GZH9,19:26:33,15969.1000,2
GZH9,19:26:33,15643.2000,2
GZH9,19:26:33,15480.2500,3
GZH9,19:26:33,16457.9500,10
GZH9,19:26:33,16458.9600,21
GZH9,19:26:36,16945.7600,1
GZH9,19:26:38,16294.0000,1
GZH9,19:26:38,16293.0000,1
GZH9,19:26:38,16293.0000,1
GZH9,19:26:45,17106.6000,2
GZH9,19:26:48,16454.9200,3
GZH9,19:26:48,15803.2400,2
GZH9,19:26:48,15640.3200,1
GZH9,19:26:48,16781.7900,1
GZH9,19:26:48,16455.9300,5
GZH9,19:26:48,16944.7200,1
GZH9,19:26:48,15641.2800,2
GZH9,19:26:48,16944.7200,1
GZH9,19:26:48,17108.7000,3
GZH9,19:26:48,16456.9400,2
GZH9,19:26:48,17108.7000,1
GZH9,19:26:48,15642.2400,4
GZH9,19:26:48,15479.3000,1
GZH9,19:26:48,15968.1200,23
GZH9,19:26:52,15803.2400,4
GZH9,19:26:52,16454.9200,1
GZH9,19:26:52,15964.2000,1
GZH9,19:26:57,17106.6000,4
GZH9,19:26:57,17106.6000,2
GZH9,19:26:57,15966.1600,1
GZH9,19:26:57,17105.5500,2
GZH9,19:26:57,15965.1800,1
GZH9,19:26:57,17105.5500,2
GZH9,19:26:57,16616.8200,1
GZH9,19:26:57,17104.5000,3
GZH9,19:26:57,15964.2000,1
GZH9,19:26:57,15475.5000,2
GZH9,19:26:57,15801.3000,1
GZH9,19:26:57,16127.1000,1
GZH9,19:26:57,15637.4400,4
GZH9,19:27:03,15480.2500,3
GZH9,19:27:03,16457.9500,1
GZH9,19:27:03,15643.2000,1
GZH9,19:27:07,15644.1600,2
GZH9,19:27:08,15481.2000,27
GZH9,19:27:08,15970.0800,1
GZH9,19:27:14,16133.0400,1
GZH9,19:27:14,16947.8400,15
GZH9,19:27:14,16298.0000,1
GZH9,19:27:14,15810.0300,2
GZH9,19:27:15,15971.0600,3
GZH9,19:27:15,15973.0200,1
GZH9,19:27:16,16299.0000,7
GZH9,19:27:16,16136.0100,1
GZH9,19:27:16,16626.0000,1
GZH9,19:27:16,17115.0000,3
GZH9,19:27:16,16789.0000,1
GZH9,19:27:19,16628.0400,4
GZH9,19:27:19,15486.9000,1
GZH9,19:27:19,15651.8400,16
GZH9,19:27:19,16630.0800,1
GZH9,19:27:19,16630.0800,28
GZH9,19:27:19,15649.9200,1
GZH9,19:27:19,16302.0000,4
GZH9,19:27:19,16465.0200,1
GZH9,19:27:19,15486.9000,2
GZH9,19:27:19,16956.1600,1
GZH9,19:27:19,15488.8000,3
GZH9,19:27:19,16467.0400,1
GZH9,19:27:19,15977.9200,2
GZH9,19:27:19,15488.8000,2
GZH9,19:27:19,15651.8400,5
GZH9,19:27:20,16305.0000,2
GZH9,19:27:20,16305.0000,1
GZH9,19:27:20,15490.7000,1
GZH9,19:27:20,16958.2400,9
GZH9,19:27:20,16306.0000,2
GZH9,19:27:20,17121.3000,1
GZH9,19:27:20,16795.1800,15
GZH9,19:27:20,17121.3000,1
GZH9,19:27:20,16142.9400,1
GZH9,19:27:20,16958.2400,1
GZH9,19:27:21,16306.0000,7
GZH9,19:27:21,16957.2000,1
GZH9,19:27:21,15815.8500,1
GZH9,19:27:22,15814.8800,1
GZH9,19:27:22,16140.9600,1
GZH9,19:27:27,15816.8200,1
GZH9,19:27:27,16469.0600,2
GZH9,19:27:27,15979.8800,1
GZH9,19:27:28,15491.6500,1
GZH9,19:27:28,15980.8600,1
GZH9,19:27:28,16307.0000,1
GZH9,19:27:28,15491.6500,2
GZH9,19:27:28,16796.2100,1
GZH9,19:27:28,16959.2800,1
GZH9,19:27:32,15491.6500,1
GZH9,19:27:32,15817.7900,1
GZH9,19:27:32,15818.7600,5
GZH9,19:27:32,15981.8400,1
GZH9,19:27:32,17123.4000,2
GZH9,19:27:33,16960.3200,1
GZH9,19:27:33,17123.4000,1
GZH9,19:27:33,16309.0000,1
GZH9,19:27:33,15819.7300,1
GZH9,19:27:33,17124.4500,1
GZH9,19:27:33,16309.0000,1
GZH9,19:27:33,17125.5000,10
GZH9,19:27:33,16962.4000,2
GZH9,19:27:33,16962.4000,1
GZH9,19:27:33,16962.4000,2
GZH9,19:27:33,17125.5000,1
GZH9,19:27:33,15494.5000,1
GZH9,19:27:33,16147.8900,1
GZH9,19:27:33,16147.8900,2
GZH9,19:27:33,15495.4500,1
GZH9,19:27:33,15496.4000,1
GZH9,19:27:33,17127.6000,1
GZH9,19:27:33,15985.7600,2
GZH9,19:27:33,16637.2200,14
GZH9,19:27:33,15821.6700,1
GZH9,19:27:33,15658.5600,1
GZH9,19:27:33,16636.2000,4
GZH9,19:27:33,16799.3000,11
GZH9,19:27:33,16800.3300,4
GZH9,19:27:33,16146.9000,1
GZH9,19:27:33,15983.8000,6
GZH9,19:27:33,17125.5000,9
GZH9,19:27:33,16146.9000,9
GZH9,19:27:33,15657.6000,6
GZH9,19:27:33,16799.3000,15
GZH9,19:27:33,16640.2800,3
GZH9,19:27:33,15985.7600,2
GZH9,19:27:33,16148.8800,1
GZH9,19:27:34,15822.6400,4
GZH9,19:27:34,15823.6100,1
GZH9,19:27:38,17123.4000,5
GZH9,19:27:44,16958.2400,2
GZH9,19:28:00,15816.8200,1
GZH9,19:28:00,16469.0600,1
GZH9,19:28:03,17120.2500,1
GZH9,19:28:03,15815.8500,1
GZH9,19:28:03,15652.8000,1
GZH9,19:28:03,15814.8800,4
GZH9,19:28:03,17119.2000,1
GZH9,19:28:03,15487.8500,2
GZH9,19:28:03,15650.8800,1
GZH9,19:28:03,15812.9400,1
GZH9,19:28:03,16628.0400,1
GZH9,19:28:03,15649.9200,1
GZH9,19:28:03,15975.9600,1
GZH9,19:28:03,16302.0000,4
GZH9,19:28:03,16790.0300,2
GZH9,19:28:03,16790.0300,1
GZH9,19:28:03,16952.0000,2
GZH9,19:28:14,15653.7600,2
GZH9,19:28:14,16958.2400,15
GZH9,19:28:14,15654.7200,2
GZH9,19:28:26,16308.0000,1
GZH9,19:28:34,15981.8400,1
GZH9,19:28:34,15981.8400,4
GZH9,19:28:34,16798.2700,1
GZH9,19:28:34,16309.0000,2
GZH9,19:28:34,16145.9100,1
GZH9,19:28:34,16636.2000,4
GZH9,19:28:34,17125.5000,2
GZH9,19:28:45,15819.7300,2
GZH9,19:28:54,17125.5000,1
GZH9,19:28:54,15983.8000,4
GZH9,19:28:55,16311.0000,1
GZH9,19:28:55,15496.4000,1
GZH9,19:28:56,16800.3300,1
GZH9,19:28:57,17129.7000,4
GZH9,19:28:58,16967.6000,2
GZH9,19:28:59,17132.8500,1
GZH9,19:29:01,17132.8500,2
GZH9,19:29:01,16317.0000,2
GZH9,19:29:02,16804.4500,3
GZH9,19:29:02,15825.5500,3
GZH9,19:29:04,15499.2500,1
GZH9,19:29:09,16641.3000,3
GZH9,19:29:10,16968.6400,2
GZH9,19:29:10,16152.8400,2
GZH9,19:29:10,16806.5100,4
GZH9,19:29:10,16643.3400,2
GZH9,19:29:11,16150.8600,1
GZH9,19:29:11,15661.4400,1
GZH9,19:29:15,16637.2200,1
GZH9,19:29:15,15984.7800,1
GZH9,19:29:15,16474.1100,1
GZH9,19:29:16,15820.7000,1
GZH9,19:29:18,16635.1800,1
GZH9,19:29:18,16471.0800,2
GZH9,19:29:18,17123.4000,1
GZH9,19:29:18,16797.2400,3
GZH9,19:29:18,16144.9200,2
GZH9,19:29:20,16144.9200,1
GZH9,19:29:21,15818.7600,2
GZH9,19:29:25,16309.0000,2
GZH9,19:29:25,16310.0000,4
GZH9,19:29:25,16962.4000,2
GZH9,19:29:25,16636.2000,1
GZH9,19:29:26,15986.7400,2
GZH9,19:29:26,17128.6500,2
GZH9,19:29:26,16639.2600,4
GZH9,19:29:26,15497.3500,4
GZH9,19:29:26,17128.6500,22
GZH9,19:29:26,15497.3500,2
GZH9,19:29:28,15498.3000,2
GZH9,19:29:28,16640.2800,2
GZH9,19:29:28,16314.0000,1
GZH9,19:29:28,15498.3000,2
GZH9,19:29:28,16147.8900,3
GZH9,19:29:30,16474.1100,1
GZH9,19:29:31,16961.3600,1
GZH9,19:29:32,15983.8000,1
GZH9,19:29:34,15820.7000,3
GZH9,19:29:34,15983.8000,2
GZH9,19:29:34,16311.0000,2
GZH9,19:29:37,15656.6400,2
GZH9,19:29:37,16307.0000,1
GZH9,19:29:49,16145.9100,1
GZH9,19:29:51,16795.1800,1
GZH9,19:29:51,16307.0000,1
GZH9,19:29:51,17120.2500,1
GZH9,19:29:55,15816.8200,1
GZH9,19:29:55,16306.0000,2
GZH9,19:29:56,16629.0600,4
GZH9,19:29:56,16303.0000,1
GZH9,19:29:57,16470.0700,2
GZH9,19:29:58,15655.6800,2
GZH9,19:29:59,15981.8400,9
GZH9,19:29:59,16144.9200,5
GZH9,19:29:59,16797.2400,2
GZH9,19:29:59,16145.9100,2
GZH9,19:29:59,16472.0900,1
GZH9,19:30:07,16469.0600,1
GZH9,19:30:07,15489.7500,4
GZH9,19:30:07,16468.0500,1
GZH9,19:30:07,17119.2000,2
GZH9,19:30:07,16140.9600,1
GZH9,19:30:07,15977.9200,2
GZH9,19:30:07,15813.9100,4
GZH9,19:30:07,16466.0300,1
GZH9,19:30:07,15976.9400,2
GZH9,19:30:07,16302.0000,1
GZH9,19:30:07,16302.0000,1
GZH9,19:30:07,16138.9800,2
GZH9,19:30:07,15811.9700,1
GZH9,19:30:07,15485.9500,2
GZH9,19:30:07,15974.9800,4
GZH9,19:30:07,15974.0000,1
GZH9,19:30:20,16304.0000,4
GZH9,19:30:20,16630.0800,2
GZH9,19:30:20,15977.9200,14
GZH9,19:30:24,16467.0400,1
GZH9,19:30:24,16140.9600,2
GZH9,19:30:31,16140.9600,2
GZH9,19:30:41,15488.8000,3
GZH9,19:30:57,15815.8500,2
GZH9,19:31:05,16469.0600,2
GZH9,19:31:09,15981.8400,2
GZH9,19:31:09,16634.1600,2
GZH9,19:31:33,15655.6800,2
GZH9,19:31:33,16960.3200,14
GZH9,19:31:33,16960.3200,4
GZH9,19:31:37,15978.9000,1
GZH9,19:31:37,15814.8800,2
GZH9,19:31:37,16304.0000,1
GZH9,19:31:37,16956.1600,6
GZH9,19:31:40,16468.0500,4
GZH9,19:31:40,17120.2500,2
GZH9,19:31:50,16139.9700,1
GZH9,19:31:53,16955.1200,4
GZH9,19:31:53,16792.0900,6
GZH9,19:32:13,16627.0200,1
GZH9,19:32:13,16137.9900,4
GZH9,19:32:13,17116.0500,4
GZH9,19:32:13,16627.0200,1
GZH9,19:32:16,16792.0900,2
GZH9,19:32:25,16138.9800,1
GZH9,19:32:25,15486.9000,1
GZH9,19:32:27,16463.0000,1
GZH9,19:32:27,15648.0000,1
GZH9,19:32:27,17113.9500,1
GZH9,19:32:27,15973.0200,1
GZH9,19:32:30,15973.0200,2
GZH9,19:32:31,16623.9600,1
GZH9,19:32:31,16459.9700,2
GZH9,19:32:31,15645.1200,4
GZH9,19:32:35,16296.0000,1
GZH9,19:32:37,16621.9200,3
GZH9,19:32:37,16296.0000,1
GZH9,19:32:37,16133.0400,1
GZH9,19:32:55,15480.2500,1
GZH9,19:33:01,15643.2000,1
GZH9,19:33:14,15969.1000,1
GZH9,19:33:15,16783.8500,1
GZH9,19:33:19,16786.9400,10
GZH9,19:33:24,16623.9600,3
GZH9,19:33:24,16949.9200,12
GZH9,19:33:30,16302.0000,1
GZH9,19:33:52,15812.9400,2
GZH9,19:33:52,15975.9600,3
GZH9,19:34:02,16791.0600,1
GZH9,19:34:15,15485.9500,1
GZH9,19:34:17,16952.0000,1
GZH9,19:34:17,16787.9700,2
GZH9,19:34:17,16624.9800,1
GZH9,19:34:28,16459.9700,1
GZH9,19:34:28,16133.0400,1
GZH9,19:34:28,15807.1200,1
GZH9,19:34:28,16783.8500,4
GZH9,19:34:28,16783.8500,1
GZH9,19:34:28,16620.9000,1
GZH9,19:34:35,15642.2400,2
GZH9,19:34:35,15968.1200,1
GZH9,19:34:38,16781.7900,4
GZH9,19:34:38,17107.6500,1
GZH9,19:34:38,15478.3500,2
GZH9,19:35:10,15808.0900,2
GZH9,19:35:17,15970.0800,1
GZH9,19:35:17,16947.8400,1
GZH9,19:35:23,15648.0000,1
GZH9,19:35:28,16460.9800,1
GZH9,19:35:32,15969.1000,1
GZH9,19:35:38,16457.9500,4
GZH9,19:35:38,16945.7600,1
GZH9,19:35:38,16456.9400,2
GZH9,19:35:38,16131.0600,1
GZH9,19:35:39,16941.6000,1
GZH9,19:35:39,16941.6000,1
GZH9,19:35:39,15638.4000,2
GZH9,19:35:39,15801.3000,1
GZH9,19:35:40,15962.2400,5
GZH9,19:35:40,16450.8800,2
GZH9,19:35:40,17102.4000,1
GZH9,19:35:40,16612.7400,1
GZH9,19:35:40,15798.3900,1
GZH9,19:35:41,15634.5600,1
GZH9,19:35:41,16774.5800,2
GZH9,19:35:41,16610.7000,1
GZH9,19:35:41,16936.4000,1
GZH9,19:35:42,16120.1700,1
GZH9,19:35:42,16445.8300,1
GZH9,19:35:42,16607.6400,1
GZH9,19:35:42,16933.2800,1
GZH9,19:35:42,15467.9000,20
GZH9,19:35:42,16933.2800,16
GZH9,19:35:43,16607.6400,4
GZH9,19:35:43,15793.5400,1
GZH9,19:35:43,16933.2800,2
GZH9,19:35:43,17096.1000,1
GZH9,19:35:43,16444.8200,14
GZH9,19:35:43,17096.1000,3
GZH9,19:35:43,15467.9000,2
GZH9,19:35:43,15467.9000,1
GZH9,19:35:43,16933.2800,24
GZH9,19:35:44,16283.0000,1
GZH9,19:35:53,16450.8800,2
GZH9,19:35:53,16288.0000,1
GZH9,19:35:53,15799.3600,17
GZH9,19:35:53,16939.5200,7
GZH9,19:36:15,15963.2200,1
GZH9,19:37:03,16454.9200,11
GZH9,19:37:03,15480.2500,8
GZH9,19:37:06,16620.9000,1
GZH9,19:37:06,15480.2500,3
GZH9,19:37:06,15480.2500,1
GZH9,19:37:15,16461.9900,4
GZH9,19:37:15,16461.9900,2
GZH9,19:37:16,16299.0000,2
GZH9,19:37:25,15647.0400,7
GZH9,19:37:30,15972.0400,1
GZH9,19:37:38,15646.0800,1
GZH9,19:37:38,15646.0800,1
GZH9,19:37:38,16460.9800,1
GZH9,19:37:40,16459.9700,1
GZH9,19:37:40,16134.0300,2
GZH9,19:37:40,15971.0600,1
GZH9,19:37:42,16296.0000,1
GZH9,19:37:42,16133.0400,2
GZH9,19:37:49,15973.0200,4
GZH9,19:37:49,16950.9600,2
GZH9,19:37:54,15647.0400,14
GZH9,19:37:54,15973.0200,1
GZH9,19:37:56,17113.9500,1
GZH9,19:38:02,16463.0000,1
GZH9,19:38:02,15974.0000,1
GZH9,19:38:02,17115.0000,1
GZH9,19:38:02,16463.0000,1
GZH9,19:39:47,15650.8800,2
GZH9,19:39:47,16466.0300,11
GZH9,19:39:47,15487.8500,10
GZH9,19:39:47,15814.8800,2
GZH9,19:39:47,16794.1500,1
GZH9,19:39:47,15815.8500,1
GZH9,19:40:14,16142.9400,10
GZH9,19:40:19,15489.7500,1
GZH9,19:40:19,15488.8000,4
GZH9,19:40:19,15814.8800,1
GZH9,19:40:36,16792.0900,1
GZH9,19:40:36,15975.9600,2
GZH9,19:40:36,15812.9400,1
GZH9,19:40:36,16790.0300,1
GZH9,19:40:36,15485.9500,2
GZH9,19:40:36,15974.0000,3
GZH9,19:40:38,15813.9100,2
GZH9,19:40:47,17115.0000,1
GZH9,19:41:14,16623.9600,3
GZH9,19:41:23,15644.1600,1
GZH9,19:41:35,16296.0000,1
GZH9,19:41:35,16459.9700,1
GZH9,19:41:39,15807.1200,1
GZH9,19:41:51,16946.8000,1
GZH9,19:42:17,15642.2400,1
GZH9,19:42:20,17108.7000,1
GZH9,19:42:20,17107.6500,1
GZH9,19:42:20,15641.2800,2
GZH9,19:42:20,16620.9000,1
GZH9,19:42:26,16782.8200,1
GZH9,19:42:30,16456.9400,19
GZH9,19:42:31,16133.0400,1
GZH9,19:42:41,17113.9500,1
GZH9,19:42:41,15811.0000,1
GZH9,19:42:52,15811.0000,4
GZH9,19:42:52,15648.0000,1
GZH9,19:43:06,16790.0300,1
GZH9,19:43:15,16628.0400,2
GZH9,19:43:23,15485.0000,1
GZH9,19:43:38,15646.0800,1
GZH9,19:43:56,16949.9200,1
GZH9,19:44:23,15971.0600,2
GZH9,19:44:23,16297.0000,1
GZH9,19:44:33,15644.1600,1
GZH9,19:44:46,16296.0000,1
GZH9,19:44:53,16136.0100,4
GZH9,19:44:53,15647.0400,2
GZH9,19:44:53,16624.9800,2
GZH9,19:44:53,15973.0200,12
GZH9,19:44:58,16624.9800,5
GZH9,19:44:58,15485.0000,1
GZH9,19:44:59,15644.1600,2
GZH9,19:44:59,15644.1600,1
GZH9,19:45:04,15648.0000,1
GZH9,19:45:09,16953.0400,1
GZH9,19:45:09,15974.9800,6
GZH9,19:45:09,15974.9800,3
GZH9,19:45:13,15974.0000,1
GZH9,19:45:19,16952.0000,1
GZH9,19:45:19,16789.0000,1
GZH9,19:45:19,16136.0100,2
GZH9,19:45:24,15809.0600,2
GZH9,19:45:24,15646.0800,1
GZH9,19:45:26,16297.0000,1
GZH9,19:45:41,16786.9400,1
GZH9,19:45:41,16135.0200,2
GZH9,19:45:41,16786.9400,7
GZH9,19:45:50,16296.0000,1
GZH9,19:46:09,16785.9100,1
GZH9,19:46:22,16298.0000,2
GZH9,19:46:27,15482.1500,1
GZH9,19:46:49,16950.9600,1
GZH9,19:47:30,16785.9100,4
GZH9,19:47:41,15971.0600,2
GZH9,19:47:41,15808.0900,1
GZH9,19:47:46,17110.8000,2
GZH9,19:47:51,16620.9000,1
GZH9,19:47:59,17108.7000,4
GZH9,19:48:19,16783.8500,2
GZH9,19:48:41,15640.3200,1
GZH9,19:49:13,16783.8500,1
GZH9,19:49:13,16295.0000,1
GZH9,19:49:13,16946.8000,2
GZH9,19:49:13,16784.8800,1
GZH9,19:49:14,15807.1200,1
GZH9,19:49:15,15970.0800,1
GZH9,19:49:15,16458.9600,1
GZH9,19:49:15,16621.9200,20
GZH9,19:49:15,15481.2000,1
GZH9,19:49:15,16947.8400,8
GZH9,19:49:17,15481.2000,1
GZH9,19:49:17,15481.2000,2
GZH9,19:49:18,15808.0900,1
GZH9,19:49:18,15645.1200,1
GZH9,19:49:19,16134.0300,1
GZH9,19:49:27,15484.0500,1
GZH9,19:49:32,15971.0600,1
GZH9,19:49:32,15645.1200,1
GZH9,19:49:32,16459.9700,2
GZH9,19:49:32,16459.9700,1
GZH9,19:49:32,16621.9200,1
GZH9,19:49:32,17110.8000,1
GZH9,19:49:32,16947.8400,2
GZH9,19:49:32,16132.0500,1
GZH9,19:49:45,16626.0000,1
GZH9,19:49:45,16953.0400,1
GZH9,19:49:45,16953.0400,2
GZH9,19:49:45,16628.0400,1
GZH9,19:49:45,15812.9400,1
GZH9,19:49:45,16956.1600,3
GZH9,19:49:45,17120.2500,1
GZH9,19:49:45,17121.3000,2
GZH9,19:49:45,16306.0000,1
GZH9,19:49:45,16958.2400,5
GZH9,19:49:45,15979.8800,4
GZH9,19:49:46,16959.2800,2
GZH9,19:49:46,17122.3500,2
GZH9,19:49:49,15815.8500,2
GZH9,19:49:49,16305.0000,1
GZH9,19:49:49,16956.1600,1
GZH9,19:49:51,16633.1400,2
GZH9,19:49:51,15491.6500,2
GZH9,19:49:56,16795.1800,1
GZH9,19:49:59,16631.1000,2
GZH9,19:49:59,16305.0000,1
GZH9,19:49:59,16956.1600,1
GZH9,19:50:02,15653.7600,2
GZH9,19:50:04,15817.7900,2
GZH9,19:50:04,15653.7600,1
GZH9,19:50:05,15815.8500,1
GZH9,19:50:15,15654.7200,2
GZH9,19:50:15,16143.9300,3
GZH9,19:50:15,15817.7900,4
GZH9,19:50:15,16797.2400,1
GZH9,19:50:15,16144.9200,1
GZH9,19:50:16,16143.9300,4
GZH9,19:50:18,16961.3600,1
GZH9,19:50:20,16472.0900,1
GZH9,19:50:21,15656.6400,1
GZH9,19:50:33,16473.1000,1
GZH9,19:50:33,16962.4000,1
GZH9,19:50:34,17124.4500,1
GZH9,19:50:34,15656.6400,1
GZH9,19:50:38,15656.6400,4
GZH9,19:50:38,15982.8200,1
GZH9,19:50:38,16472.0900,2
GZH9,19:50:39,15820.7000,2
GZH9,19:50:41,15984.7800,1
GZH9,19:50:41,15984.7800,8
GZH9,19:50:41,15821.6700,1
GZH9,19:50:41,15984.7800,1
GZH9,19:50:41,16638.2400,2
GZH9,19:50:41,16964.4800,7
GZH9,19:50:42,16312.0000,5
GZH9,19:50:42,15822.6400,3
GZH9,19:50:43,16309.0000,1
GZH9,19:50:43,15656.6400,2
GZH9,19:50:43,16145.9100,1
GZH9,19:50:45,16145.9100,1
GZH9,19:50:46,15658.5600,1
GZH9,19:50:50,16960.3200,2
GZH9,19:50:50,15981.8400,1
GZH9,19:50:50,16471.0800,2
GZH9,19:50:50,15492.6000,1
GZH9,19:51:01,16637.2200,3
GZH9,19:51:01,17126.5500,2
GZH9,19:51:01,16800.3300,1
GZH9,19:51:01,16963.4400,1
GZH9,19:51:01,16474.1100,1
GZH9,19:51:01,17127.6000,2
GZH9,19:51:03,15820.7000,1
GZH9,19:51:04,15817.7900,1
GZH9,19:51:07,15652.8000,1
GZH9,19:51:09,16629.0600,8
GZH9,19:51:09,15976.9400,1
GZH9,19:51:09,16302.0000,20
GZH9,19:51:19,16464.0100,3
GZH9,19:51:26,15485.0000,1
GZH9,19:51:26,16463.0000,1
GZH9,19:51:31,15973.0200,1
GZH9,19:51:36,16622.9400,1
GZH9,19:51:43,15974.0000,2
GZH9,19:51:43,16463.0000,7
GZH9,19:51:52,16299.0000,1
GZH9,19:51:52,16461.9900,1
GZH9,19:51:57,15645.1200,1
GZH9,19:51:58,15485.0000,3
GZH9,19:52:12,16786.9400,2
GZH9,19:52:14,16459.9700,2
GZH9,19:52:17,15645.1200,1
GZH9,19:52:28,15810.0300,2
GZH9,19:52:28,16787.9700,6
GZH9,19:52:42,16297.0000,4
GZH9,19:52:42,16785.9100,1
GZH9,19:52:48,15811.0000,1
GZH9,19:52:49,16789.0000,1
GZH9,19:52:49,16137.9900,2
GZH9,19:52:52,16787.9700,2
GZH9,19:53:13,17115.0000,1
GZH9,19:53:13,16137.0000,1
GZH9,19:53:13,16137.0000,1
GZH9,19:53:13,16789.0000,6
GZH9,19:53:13,16464.0100,1
GZH9,19:53:13,16137.9900,2
GZH9,19:53:21,15651.8400,3
GZH9,19:53:24,16954.0800,2
GZH9,19:53:29,16137.9900,1
GZH9,19:53:56,16138.9800,4
GZH9,19:53:56,16953.0400,5
GZH9,19:53:56,15811.9700,2
GZH9,19:53:56,15648.9600,1
GZH9,19:53:56,16952.0000,2
GZH9,19:53:56,16626.0000,1
GZH9,19:54:39,15810.0300,1
GZH9,19:54:43,16135.0200,1
GZH9,19:55:01,16950.9600,6
GZH9,19:55:07,16622.9400,2
GZH9,19:55:19,16787.9700,4
GZH9,19:55:36,15811.9700,2
GZH9,19:55:54,15974.9800,2
GZH9,19:55:54,15811.9700,2
GZH9,19:56:06,16463.0000,4
GZH9,19:56:06,15485.0000,1
GZH9,19:56:06,16300.0000,2
GZH9,19:56:06,17115.0000,2
GZH9,19:56:33,16624.9800,1
GZH9,19:56:33,15484.0500,1
GZH9,19:56:43,16133.0400,2
GZH9,19:56:45,16947.8400,3
GZH9,19:56:45,15970.0800,1
GZH9,19:56:45,16133.0400,1
GZH9,19:56:49,17109.7500,1
GZH9,19:56:54,16132.0500,2
GZH9,19:57:59,16946.8000,1
GZH9,19:57:59,17109.7500,2
GZH9,19:58:05,16296.0000,2
GZH9,19:58:40,16295.0000,2
GZH9,19:58:40,15479.3000,1
GZH9,19:58:40,16782.8200,1
GZH9,19:58:40,15479.3000,2
GZH9,19:58:40,16455.9300,3
GZH9,19:59:42,15969.1000,1
GZH9,19:59:42,16946.8000,1
GZH9,19:59:59,16781.7900,1
GZH9,19:59:59,16455.9300,1
GZH9,20:00:08,16454.9200,2
GZH9,20:00:08,16129.0800,2
GZH9,20:00:08,16943.6800,2
GZH9,20:00:08,16292.0000,4
GZH9,20:00:09,16617.8400,1
GZH9,20:00:11,16454.9200,10
GZH9,20:00:11,16293.0000,2
GZH9,20:00:11,16294.0000,2
GZH9,20:00:11,16945.7600,14
GZH9,20:00:11,16782.8200,1
GZH9,20:00:11,15805.1800,5
GZH9,20:00:23,16454.9200,2
GZH9,20:00:23,15965.1800,2
GZH9,20:00:23,16128.0900,2
GZH9,20:00:23,16290.0000,1
GZH9,20:00:23,16778.7000,2
GZH9,20:00:37,16290.0000,8
GZH9,20:00:37,16941.6000,2
GZH9,20:00:40,16777.6700,2
GZH9,20:00:40,16777.6700,1
GZH9,20:00:46,16126.1100,1
GZH9,20:00:51,16126.1100,1
GZH9,20:00:51,15963.2200,1
GZH9,20:00:58,16288.0000,3
GZH9,20:00:59,16939.5200,1
GZH9,20:00:59,15473.6000,21
GZH9,20:00:59,16449.8700,1
GZH9,20:01:02,16614.7800,3
GZH9,20:01:03,16940.5600,1
GZH9,20:01:03,16614.7800,1
GZH9,20:01:03,15474.5500,4
GZH9,20:01:03,15637.4400,2
GZH9,20:01:03,17104.5000,7
GZH9,20:01:03,17104.5000,3
GZH9,20:01:03,16290.0000,2
GZH9,20:01:03,15639.3600,4
GZH9,20:01:03,16779.7300,2
GZH9,20:01:03,16291.0000,3
GZH9,20:01:03,16291.0000,1
GZH9,20:01:06,16613.7600,1
GZH9,20:01:19,16777.6700,1
GZH9,20:02:12,16288.0000,4
GZH9,20:02:12,17102.4000,1
GZH9,20:02:12,16776.6400,1
GZH9,20:02:21,16610.7000,1
GZH9,20:02:21,16122.1500,1
GZH9,20:02:21,16936.4000,2
GZH9,20:02:22,15792.5700,1
GZH9,20:02:22,16769.4300,1
GZH9,20:02:22,15955.3800,1
GZH9,20:02:22,15629.7600,4
GZH9,20:02:22,15791.6000,1
GZH9,20:02:22,15954.4000,1
GZH9,20:02:22,15628.8000,1
GZH9,20:02:22,15791.6000,2
GZH9,20:02:22,16767.3700,1
GZH9,20:02:39,16121.1600,1
GZH9,20:02:43,15960.2800,1
GZH9,20:02:46,15959.3000,7
GZH9,20:02:46,15634.5600,8
GZH9,20:02:46,15797.4200,8
GZH9,20:02:46,16287.0000,2
GZH9,20:02:51,15638.4000,1
GZH9,20:02:51,16778.7000,1
GZH9,20:02:51,15802.2700,4
GZH9,20:02:51,15802.2700,1
GZH9,20:02:51,16453.9100,2
GZH9,20:02:52,16777.6700,2
GZH9,20:03:00,16126.1100,1
GZH9,20:03:01,16124.1300,1
GZH9,20:03:07,15639.3600,1
GZH9,20:03:24,15798.3900,1
GZH9,20:03:48,16287.0000,1
GZH9,20:04:09,17105.5500,4
GZH9,20:04:09,15802.2700,1
GZH9,20:04:09,16453.9100,5
GZH9,20:04:32,15643.2000,3
GZH9,20:04:32,15480.2500,1
GZH9,20:04:32,16620.9000,2
GZH9,20:04:32,15806.1500,1
GZH9,20:04:32,17109.7500,4
GZH9,20:04:32,16457.9500,9
GZH9,20:05:01,16453.9100,2
GZH9,20:05:40,15797.4200,2
GZH9,20:05:40,17100.3000,4
GZH9,20:05:40,16611.7200,1
GZH9,20:05:41,16122.1500,1
GZH9,20:05:53,16283.0000,1
GZH9,20:05:54,17097.1500,3
GZH9,20:05:54,15631.6800,1
GZH9,20:06:07,16772.5200,2
GZH9,20:06:07,17097.1500,1
GZH9,20:06:25,15955.3800,1
GZH9,20:06:25,16932.2400,1
GZH9,20:06:25,16606.6200,4
GZH9,20:06:27,17095.0500,2
GZH9,20:06:27,16280.0000,1
GZH9,20:06:27,17094.0000,2
GZH9,20:06:27,15954.4000,4
GZH9,20:06:27,16606.6200,2
GZH9,20:06:37,15951.4600,1
GZH9,20:06:39,16765.3100,1
GZH9,20:06:46,16114.2300,3
GZH9,20:06:47,16932.2400,1
GZH9,20:06:47,15955.3800,2
GZH9,20:06:47,16769.4300,8
GZH9,20:06:47,16281.0000,9
GZH9,20:07:20,17090.8500,4
GZH9,20:07:20,15788.6900,1
GZH9,20:07:30,16443.8100,1
GZH9,20:08:44,15466.0000,1
GZH9,20:08:44,15628.8000,1
GZH9,20:08:45,16928.0800,1
GZH9,20:09:03,17091.9000,2
GZH9,20:09:04,16767.3700,1
GZH9,20:09:14,15954.4000,1
GZH9,20:09:16,16280.0000,1
GZH9,20:09:36,16441.7900,1
GZH9,20:09:36,15791.6000,1
GZH9,20:09:36,16605.6000,1
GZH9,20:09:36,15955.3800,1
GZH9,20:09:36,16118.1900,4
GZH9,20:09:36,16281.0000,2
GZH9,20:09:36,16770.4600,1
GZH9,20:09:36,16607.6400,2
GZH9,20:09:36,16283.0000,4
GZH9,20:10:10,15625.9200,1
GZH9,20:10:15,15954.4000,1
GZH9,20:10:15,16280.0000,1
GZH9,20:10:15,17094.0000,1
GZH9,20:10:15,16117.2000,5
GZH9,20:10:18,15624.9600,2
GZH9,20:10:18,16438.7600,2
GZH9,20:10:18,15461.2500,1
GZH9,20:10:43,16767.3700,1
GZH9,20:10:46,16930.1600,7
GZH9,20:10:46,15466.0000,1
GZH9,20:10:46,15466.0000,1
GZH9,20:10:46,15628.8000,1
GZH9,20:10:46,15466.0000,1
GZH9,20:10:55,16929.1200,2
GZH9,20:10:55,16928.0800,1
GZH9,20:11:11,16926.0000,1
GZH9,20:11:20,15790.6300,1
GZH9,20:11:20,17092.9500,3
GZH9,20:11:20,15954.4000,2
GZH9,20:11:20,16442.8000,1
GZH9,20:11:20,16442.8000,1
GZH9,20:11:22,15956.3600,1
GZH9,20:11:26,16119.1800,1
GZH9,20:11:56,15629.7600,4
GZH9,20:11:56,15955.3800,2
GZH9,20:11:56,16118.1900,2
GZH9,20:11:56,17094.0000,1
GZH9,20:11:56,16768.4000,1
GZH9,20:12:03,16116.2100,1
GZH9,20:12:11,15627.8400,2
GZH9,20:12:12,15628.8000,5
GZH9,20:12:44,16116.2100,1
GZH9,20:12:44,16930.1600,1
GZH9,20:12:44,15465.0500,1
GZH9,20:12:44,15465.0500,1
GZH9,20:12:52,16441.7900,1
GZH9,20:12:52,15465.0500,1
GZH9,20:12:52,16280.0000,13
GZH9,20:12:55,16279.0000,2
GZH9,20:12:55,16931.2000,13
GZH9,20:12:56,16605.6000,4
GZH9,20:13:25,16283.0000,1
GZH9,20:13:25,16608.6600,2
GZH9,20:13:25,15629.7600,2
GZH9,20:13:25,16442.8000,15
GZH9,20:13:25,15627.8400,2
GZH9,20:13:25,15790.6300,1
GZH9,20:13:50,16928.0800,4
GZH9,20:13:50,15951.4600,2
GZH9,20:13:50,15625.9200,1
GZH9,20:13:50,16278.0000,2
GZH9,20:13:50,15952.4400,2
GZH9,20:13:50,17091.9000,1
GZH9,20:13:50,16603.5600,1
GZH9,20:13:50,16603.5600,2
GZH9,20:13:50,17091.9000,13
GZH9,20:13:50,15626.8800,1
GZH9,20:13:50,16278.0000,13
GZH9,20:13:50,16116.2100,2
GZH9,20:13:50,16116.2100,1
GZH9,20:13:50,17092.9500,10
GZH9,20:13:50,16603.5600,4
GZH9,20:13:50,15790.6300,11
GZH9,20:13:50,15788.6900,4
GZH9,20:13:50,16929.1200,1
GZH9,20:13:50,16603.5600,2
GZH9,20:13:50,15789.6600,6
GZH9,20:13:51,16114.2300,8
GZH9,20:13:58,17090.8500,4
GZH9,20:13:58,16602.5400,1
GZH9,20:13:58,16928.0800,2
GZH9,20:13:58,16114.2300,3
GZH9,20:13:58,15952.4400,2
GZH9,20:13:58,16603.5600,1
GZH9,20:13:58,16766.3400,1
GZH9,20:13:58,16766.3400,1
GZH9,20:13:58,16603.5600,6
GZH9,20:13:58,16929.1200,1
GZH9,20:14:02,16440.7800,1
GZH9,20:14:02,16278.0000,1
GZH9,20:14:14,15788.6900,4
GZH9,20:14:14,17090.8500,2
GZH9,20:14:14,16928.0800,1
GZH9,20:14:14,16602.5400,1
GZH9,20:14:14,16764.2800,1
GZH9,20:14:14,16276.0000,1
GZH9,20:14:30,15784.8100,1
GZH9,20:14:30,15784.8100,1
GZH9,20:14:30,16273.0000,2
GZH9,20:14:30,15459.3500,1
GZH9,20:14:30,15622.0800,2
GZH9,20:14:31,16759.1300,1
GZH9,20:14:32,16271.0000,1
GZH9,20:14:33,16433.7100,1
GZH9,20:14:34,15457.4500,2
GZH9,20:14:39,16923.9200,2
GZH9,20:14:39,17086.6500,1
GZH9,20:14:39,15459.3500,3
GZH9,20:14:39,17087.7000,1
GZH9,20:14:39,15623.0400,2
GZH9,20:15:00,15787.7200,2
GZH9,20:15:21,16767.3700,2
GZH9,20:15:21,16441.7900,3
GZH9,20:15:23,17094.0000,6
GZH9,20:15:24,15470.7500,1
GZH9,20:15:30,16285.0000,1
GZH9,20:16:03,17100.3000,1
GZH9,20:16:03,16612.7400,2
GZH9,20:16:03,16939.5200,1
GZH9,20:16:03,15962.2400,1
GZH9,20:16:33,16938.4800,2
GZH9,20:16:38,15797.4200,1
GZH9,20:17:01,16774.5800,1
GZH9,20:17:03,15957.3400,4
GZH9,20:17:03,16608.6600,2
GZH9,20:17:03,16120.1700,1
GZH9,20:17:03,17097.1500,2
GZH9,20:17:16,15466.9500,1
GZH9,20:17:16,15955.3800,10
GZH9,20:17:22,16278.0000,1
GZH9,20:17:24,16928.0800,2
GZH9,20:17:31,16280.0000,2
GZH9,20:17:31,15461.2500,2
GZH9,20:17:31,16112.2500,1
GZH9,20:17:31,15624.0000,1
GZH9,20:17:33,15461.2500,2
GZH9,20:17:39,15786.7500,2
GZH9,20:17:47,15624.0000,3
GZH9,20:18:25,15462.2000,1
GZH9,20:18:25,16926.0000,2
GZH9,20:18:25,16275.0000,3
GZH9,20:18:36,16437.7500,12
GZH9,20:18:46,16276.0000,1
GZH9,20:19:53,16275.0000,4
GZH9,20:19:53,15949.5000,1
GZH9,20:19:53,16763.2500,2
GZH9,20:19:53,15461.2500,2
GZH9,20:19:53,16275.0000,3
GZH9,20:20:35,16433.7100,1
GZH9,20:20:36,16432.7000,1
GZH9,20:20:36,16758.1000,2
GZH9,20:20:37,16920.8000,1
GZH9,20:20:39,16923.9200,2
GZH9,20:20:50,16926.0000,4
GZH9,20:20:50,15786.7500,1
GZH9,20:20:50,16112.2500,14
GZH9,20:20:50,16763.2500,1
GZH9,20:20:50,16437.7500,1
GZH9,20:20:54,16114.2300,1
GZH9,20:21:09,15951.4600,1
GZH9,20:21:09,16928.0800,2
GZH9,20:21:20,16115.2200,1
GZH9,20:21:20,16441.7900,1
GZH9,20:21:20,17092.9500,2
GZH9,20:21:20,15627.8400,1
GZH9,20:21:20,15790.6300,4
GZH9,20:21:20,15791.6000,1
GZH9,20:21:20,15466.0000,2
GZH9,20:21:20,16931.2000,1
GZH9,20:21:20,16767.3700,1
GZH9,20:21:20,16441.7900,3
GZH9,20:21:20,16279.0000,1
GZH9,20:21:20,16280.0000,1
GZH9,20:21:20,15466.9500,4
GZH9,20:21:20,16932.2400,2
GZH9,20:22:05,15788.6900,1
GZH9,20:22:05,16114.2300,2
GZH9,20:22:43,16112.2500,7
GZH9,20:22:44,16275.0000,1
GZH9,20:22:48,16275.0000,1
GZH9,20:23:22,16767.3700,1
GZH9,20:23:22,17092.9500,1
GZH9,20:23:30,17092.9500,1
GZH9,20:23:30,15465.0500,2
GZH9,20:23:30,16604.5800,1
GZH9,20:23:31,15790.6300,1
GZH9,20:23:41,16930.1600,1
GZH9,20:24:29,16763.2500,2
GZH9,20:24:30,16437.7500,2
GZH9,20:25:09,15952.4400,1
GZH9,20:25:16,15626.8800,2
GZH9,20:25:31,17091.9000,1
GZH9,20:25:31,16115.2200,2
GZH9,20:25:33,15953.4200,1
GZH9,20:25:33,15953.4200,1
GZH9,20:25:48,15791.6000,1
GZH9,20:25:48,16606.6200,1
GZH9,20:26:14,16606.6200,1
GZH9,20:26:14,16606.6200,1
GZH9,20:26:14,16281.0000,1
GZH9,20:26:14,16606.6200,2
GZH9,20:26:14,15467.9000,1
GZH9,20:26:14,15467.9000,1
GZH9,20:26:14,16934.3200,2
GZH9,20:26:14,16446.8400,2
GZH9,20:26:14,16446.8400,1
GZH9,20:26:14,15959.3000,1
GZH9,20:26:14,16773.5500,1
GZH9,20:26:14,16936.4000,1
GZH9,20:26:14,15959.3000,1
GZH9,20:26:14,16773.5500,1
GZH9,20:26:14,16936.4000,2
GZH9,20:26:25,15788.6900,1
GZH9,20:29:07,16769.4300,1
GZH9,20:29:07,15792.5700,2
GZH9,20:29:32,16281.0000,2
GZH9,20:29:32,15792.5700,1
GZH9,20:29:32,16770.4600,1
GZH9,20:29:32,16607.6400,2
GZH9,20:29:32,15793.5400,1
GZH9,20:29:32,16771.4900,2
GZH9,20:29:32,16935.3600,2
GZH9,20:29:32,16284.0000,1
GZH9,20:29:32,16773.5500,1
GZH9,20:29:50,16281.0000,1
GZH9,20:29:50,15629.7600,1
GZH9,20:29:55,17092.9500,1
GZH9,20:30:00,16120.1700,1
GZH9,20:30:00,15629.7600,1
GZH9,20:30:10,16119.1800,2
GZH9,20:30:10,16607.6400,1
GZH9,20:30:10,16282.0000,2
GZH9,20:30:10,15467.9000,1
GZH9,20:30:10,16120.1700,1
GZH9,20:30:10,16120.1700,2
GZH9,20:30:11,15958.3200,1
GZH9,20:30:11,15469.8000,2
GZH9,20:30:12,16443.8100,1
GZH9,20:30:13,16443.8100,1
GZH9,20:30:20,16935.3600,1
GZH9,20:30:20,16446.8400,2
GZH9,20:30:20,15470.7500,3
GZH9,20:30:20,16285.0000,1
GZH9,20:30:20,15959.3000,2
GZH9,20:30:20,15959.3000,1
GZH9,20:30:20,17099.2500,1
GZH9,20:30:20,16774.5800,2
GZH9,20:30:20,16448.8600,1
GZH9,20:31:09,17095.0500,3
GZH9,20:31:09,16605.6000,2
GZH9,20:31:34,16118.1900,1
GZH9,20:31:46,16934.3200,1
GZH9,20:31:46,15468.8500,2
GZH9,20:32:28,16121.1600,2
GZH9,20:32:28,16610.7000,2
GZH9,20:32:32,15635.5200,1
GZH9,20:32:32,17101.3500,1
GZH9,20:32:32,16775.6100,1
GZH9,20:32:32,15475.5000,1
GZH9,20:32:32,15801.3000,1
GZH9,20:32:41,16616.8200,1
GZH9,20:32:41,16128.0900,1
GZH9,20:32:42,15804.2100,2
GZH9,20:32:42,15477.4000,1
GZH9,20:32:42,17109.7500,1
GZH9,20:32:42,16620.9000,1
GZH9,20:32:42,16783.8500,4
GZH9,20:32:42,15970.0800,2
GZH9,20:32:43,16296.0000,1
GZH9,20:32:43,16458.9600,1
GZH9,20:32:43,16947.8400,1
GZH9,20:32:43,16947.8400,1
GZH9,20:32:43,16622.9400,1
GZH9,20:32:44,17110.8000,1
GZH9,20:32:48,15644.1600,1
GZH9,20:32:48,16621.9200,1
GZH9,20:32:48,15644.1600,1
GZH9,20:32:48,15970.0800,1
GZH9,20:32:48,15808.0900,3
GZH9,20:32:48,15482.1500,2
GZH9,20:32:48,16134.0300,1
GZH9,20:33:19,15481.2000,1
GZH9,20:33:20,16780.7600,3
GZH9,20:33:33,17105.5500,2
GZH9,20:34:56,16778.7000,7
GZH9,20:34:58,15803.2400,4
GZH9,20:34:58,16943.6800,1
GZH9,20:34:58,17106.6000,3
GZH9,20:34:58,16455.9300,4
GZH9,20:34:58,16944.7200,5
GZH9,20:34:58,16293.0000,1
GZH9,20:34:58,16782.8200,1
GZH9,20:34:58,16782.8200,2
GZH9,20:34:58,15968.1200,3
GZH9,20:35:00,16294.0000,1
GZH9,20:35:00,15642.2400,1
GZH9,20:35:08,16130.0700,1
GZH9,20:35:09,16131.0600,1
GZH9,20:35:09,17108.7000,2
GZH9,20:35:09,16131.0600,4
GZH9,20:35:09,16619.8800,1
GZH9,20:35:09,15480.2500,1
GZH9,20:35:09,15643.2000,2
GZH9,20:35:09,16458.9600,1
GZH9,20:35:09,15807.1200,1
GZH9,20:35:09,16621.9200,2
GZH9,20:35:09,15482.1500,1
GZH9,20:35:09,16134.0300,1
GZH9,20:35:09,16459.9700,2
GZH9,20:35:09,16949.9200,2
GZH9,20:35:09,15483.1000,4
GZH9,20:35:09,16135.0200,1
GZH9,20:35:09,17112.9000,1
GZH9,20:35:09,17112.9000,2
GZH9,20:35:09,16461.9900,1
GZH9,20:35:09,15647.0400,1
GZH9,20:35:09,15973.0200,2
GZH9,20:35:09,15810.0300,1
GZH9,20:35:09,16787.9700,8
GZH9,20:35:33,15972.0400,1
GZH9,20:35:33,15646.0800,1
GZH9,20:35:33,16460.9800,2
GZH9,20:35:33,15809.0600,1
GZH9,20:35:33,17113.9500,7
GZH9,20:35:33,16949.9200,2
GZH9,20:35:33,16623.9600,1
GZH9,20:35:33,16787.9700,3
GZH9,20:35:33,17113.9500,2
GZH9,20:35:34,16624.9800,2
GZH9,20:35:34,15810.0300,1
GZH9,20:35:34,16299.0000,1
GZH9,20:35:34,16463.0000,1
GZH9,20:35:34,16952.0000,1
GZH9,20:35:34,16137.0000,2
GZH9,20:35:34,17115.0000,4
GZH9,20:35:34,15811.0000,15
GZH9,20:35:34,16791.0600,1
GZH9,20:35:34,15486.9000,2
GZH9,20:35:34,16956.1600,2
GZH9,20:35:34,16304.0000,4
GZH9,20:35:34,16467.0400,3
GZH9,20:35:34,16793.1200,1
GZH9,20:35:34,16468.0500,31
GZH9,20:35:34,16135.0200,2
GZH9,20:35:34,17111.8500,2
GZH9,20:35:34,16133.0400,2
GZH9,20:35:34,16456.9400,2
GZH9,20:35:34,17108.7000,4
GZH9,20:35:34,17108.7000,2
GZH9,20:35:34,16456.9400,2
GZH9,20:35:35,16296.0000,3
GZH9,20:35:39,16129.0800,4
GZH9,20:35:39,16452.9000,2
GZH9,20:35:39,15475.5000,4
GZH9,20:35:39,15638.4000,2
GZH9,20:35:45,15805.1800,2
GZH9,20:35:45,17108.7000,2
GZH9,20:35:45,15805.1800,1
GZH9,20:35:45,16620.9000,2
GZH9,20:35:45,17109.7500,2
GZH9,20:35:45,16946.8000,4
GZH9,20:35:45,16457.9500,1
GZH9,20:35:45,15970.0800,1
GZH9,20:35:45,16947.8400,3
GZH9,20:35:45,16133.0400,2
GZH9,20:36:06,15969.1000,2
GZH9,20:36:06,16946.8000,24
GZH9,20:36:16,15478.3500,1
GZH9,20:36:21,16946.8000,4
GZH9,20:36:21,15643.2000,2
GZH9,20:36:21,15480.2500,1
GZH9,20:36:21,16296.0000,2
GZH9,20:36:21,15970.0800,1
GZH9,20:36:21,16621.9200,1
GZH9,20:36:21,16947.8400,1
GZH9,20:36:21,16943.6800,2
GZH9,20:36:21,17106.6000,2
GZH9,20:36:21,16617.8400,1
GZH9,20:36:21,16617.8400,1
GZH9,20:36:21,15807.1200,2
GZH9,20:36:21,15807.1200,2
GZH9,20:36:21,16459.9700,1
GZH9,20:36:21,17111.8500,2
GZH9,20:36:21,16297.0000,2
GZH9,20:36:21,16785.9100,3
GZH9,20:36:21,15972.0400,1
GZH9,20:36:22,15971.0600,2
GZH9,20:36:22,15482.1500,2
GZH9,20:36:22,16785.9100,2
GZH9,20:36:22,16949.9200,2
GZH9,20:36:22,16135.0200,2
GZH9,20:36:22,16949.9200,1
GZH9,20:36:22,16786.9400,2
GZH9,20:36:22,16787.9700,1
GZH9,20:36:22,15480.2500,2
GZH9,20:36:22,15810.0300,2
GZH9,20:36:22,16624.9800,1
GZH9,20:36:22,15973.0200,1
GZH9,20:36:22,17113.9500,1
GZH9,20:36:22,16137.0000,1
GZH9,20:36:22,15974.0000,2
GZH9,20:36:22,16300.0000,2
GZH9,20:36:22,16464.0100,2
GZH9,20:36:22,15974.9800,1
GZH9,20:36:22,16627.0200,2
GZH9,20:36:22,16628.0400,2
GZH9,20:36:22,16791.0600,1
GZH9,20:36:22,16302.0000,2
GZH9,20:36:22,16952.0000,1
GZH9,20:36:22,15485.0000,2
GZH9,20:36:22,16137.9900,1
GZH9,20:36:22,16302.0000,1
GZH9,20:36:22,15487.8500,2
GZH9,20:36:22,17117.1000,4
GZH9,20:36:22,16303.0000,1
GZH9,20:36:22,16629.0600,2
GZH9,20:36:22,16466.0300,2
GZH9,20:36:22,17120.2500,7
GZH9,20:36:22,17117.1000,1
GZH9,20:36:22,16465.0200,1
GZH9,20:36:22,16957.2000,9
GZH9,20:36:22,15648.0000,2
GZH9,20:36:22,16787.9700,4
GZH9,20:36:22,16135.0200,1
GZH9,20:36:22,16622.9400,2
GZH9,20:36:22,16785.9100,4
GZH9,20:36:22,17111.8500,1
GZH9,20:36:22,16134.0300,2
GZH9,20:36:22,15482.1500,3
GZH9,20:36:41,16950.9600,2
GZH9,20:36:41,16461.9900,1
GZH9,20:36:41,15973.0200,2
GZH9,20:36:41,16463.0000,1
GZH9,20:36:41,16137.0000,1
GZH9,20:36:41,16137.0000,2
GZH9,20:36:50,16784.8800,2
GZH9,20:36:50,16621.9200,2
GZH9,20:36:50,17110.8000,16
GZH9,20:36:50,17110.8000,1
GZH9,20:37:43,15644.1600,1
GZH9,20:37:43,16295.0000,1
GZH9,20:39:41,16621.9200,3
GZH9,20:39:41,15807.1200,6
GZH9,20:39:41,16133.0400,4
GZH9,20:39:41,17110.8000,1
GZH9,20:39:41,16784.8800,1
GZH9,20:39:41,15971.0600,2
GZH9,20:40:01,17111.8500,4
GZH9,20:40:01,16622.9400,2
GZH9,20:40:01,15644.1600,2
GZH9,20:40:01,16457.9500,2
GZH9,20:40:23,16454.9200,3
GZH9,20:41:01,16454.9200,2
GZH9,20:41:34,16133.0400,2
GZH9,20:41:34,16296.0000,1
GZH9,20:41:47,16459.9700,2
GZH9,20:41:47,16784.8800,2
GZH9,20:41:53,16780.7600,2
GZH9,20:42:40,16459.9700,4
GZH9,20:42:40,17111.8500,2
GZH9,20:42:40,16133.0400,2
GZH9,20:42:40,16784.8800,2
GZH9,20:42:40,16946.8000,2
GZH9,20:42:40,16620.9000,4
GZH9,20:42:40,16620.9000,1
GZH9,20:42:40,16783.8500,1
GZH9,20:42:40,15480.2500,2
GZH9,20:42:40,16294.0000,2
GZH9,20:43:01,15970.0800,1
GZH9,20:43:10,15480.2500,2
GZH9,20:43:31,15482.1500,2
GZH9,20:43:35,16619.8800,2
GZH9,20:43:35,15805.1800,4
GZH9,20:44:10,16454.9200,2
GZH9,20:45:22,15964.2000,1
GZH9,20:45:57,16779.7300,1
GZH9,20:45:57,16453.9100,2
GZH9,20:45:57,16779.7300,2
GZH9,20:46:56,16292.0000,4
GZH9,20:46:56,16780.7600,1
GZH9,20:46:56,15640.3200,2
GZH9,20:47:01,15967.1400,1
GZH9,20:47:01,16454.9200,2
GZH9,20:47:01,15477.4000,2
GZH9,20:47:01,16292.0000,1
GZH9,20:47:01,15965.1800,2
GZH9,20:47:01,16453.9100,1
GZH9,20:47:26,15965.1800,1
GZH9,20:47:50,16294.0000,8
GZH9,20:48:12,16946.8000,1
GZH9,20:48:12,16457.9500,1
GZH9,20:48:12,16620.9000,2
GZH9,20:48:12,16132.0500,1
GZH9,20:48:12,16782.8200,4
GZH9,20:48:12,15968.1200,1
GZH9,20:48:12,16619.8800,1
GZH9,20:48:12,16782.8200,1
GZH9,20:48:12,15805.1800,2
GZH9,20:48:12,17108.7000,6
GZH9,20:48:39,15968.1200,2
GZH9,20:48:54,15478.3500,2
GZH9,20:49:53,16946.8000,2
GZH9,20:49:53,16617.8400,1
GZH9,20:49:54,16943.6800,1
GZH9,20:49:54,17106.6000,1
GZH9,20:49:54,16128.0900,2
GZH9,20:50:37,15636.4800,20
GZH9,20:50:37,16125.1200,10
GZH9,20:50:37,15961.2600,2
GZH9,20:50:47,15472.6500,2
GZH9,20:50:47,16612.7400,1
GZH9,20:50:47,15961.2600,4
GZH9,20:50:47,16125.1200,1
GZH9,20:51:31,16291.0000,2
GZH9,20:51:31,15964.2000,4
GZH9,20:51:31,16452.9000,2
GZH9,20:51:31,15637.4400,2
GZH9,20:51:31,15474.5500,3
GZH9,20:51:31,16126.1100,1
GZH9,20:51:31,16613.7600,4
GZH9,20:51:31,16939.5200,2
GZH9,20:51:45,15802.2700,2
GZH9,20:51:45,16453.9100,2
GZH9,20:51:45,15638.4000,1
GZH9,20:51:45,16941.6000,2
GZH9,20:51:45,17104.5000,1
GZH9,20:51:45,16777.6700,2
GZH9,20:51:45,16288.0000,4
GZH9,20:51:45,15962.2400,2
GZH9,20:51:45,15636.4800,4
GZH9,20:51:45,16939.5200,1
GZH9,20:52:00,16451.8900,4
GZH9,20:52:00,16289.0000,1
GZH9,20:52:03,16779.7300,2
GZH9,20:52:20,16450.8800,1
GZH9,20:52:23,16450.8800,1
GZH9,20:52:23,16124.1300,2
GZH9,20:52:23,16611.7200,2
GZH9,20:52:36,17100.3000,1
GZH9,20:52:43,16122.1500,1
GZH9,20:52:43,15469.8000,2
GZH9,20:52:43,15957.3400,30
GZH9,20:52:45,15954.4000,1
GZH9,20:53:04,16933.2800,1
GZH9,20:53:04,16119.1800,1
GZH9,20:53:16,16605.6000,1
GZH9,20:53:25,16931.2000,1
GZH9,20:53:39,15464.1000,2
GZH9,20:53:39,15951.4600,5
GZH9,20:53:39,16928.0800,2
GZH9,20:53:39,16277.0000,1
GZH9,20:53:39,17089.8000,1
GZH9,20:53:39,16276.0000,2
GZH9,20:53:41,15951.4600,1
GZH9,20:53:41,16765.3100,1
GZH9,20:53:42,16115.2200,1
GZH9,20:53:42,16440.7800,1
GZH9,20:53:49,16115.2200,2
GZH9,20:53:49,16766.3400,1
GZH9,20:53:49,16766.3400,1
GZH9,20:53:58,15952.4400,1
GZH9,20:54:05,16929.1200,4
GZH9,20:54:05,16440.7800,1
GZH9,20:54:05,16766.3400,1
GZH9,20:54:06,16277.0000,1
GZH9,20:54:07,16600.5000,1
GZH9,20:54:07,15785.7800,1
GZH9,20:54:07,15785.7800,4
GZH9,20:54:07,16274.0000,2
GZH9,20:54:07,16435.7300,1
GZH9,20:54:07,16598.4600,2
GZH9,20:54:07,16272.0000,2
GZH9,20:54:07,16922.8800,1
GZH9,20:54:07,16597.4400,2
GZH9,20:54:07,16109.2800,4
GZH9,20:54:07,16434.7200,7
GZH9,20:54:07,16923.9200,1
GZH9,20:54:07,15461.2500,2
GZH9,20:54:22,16600.5000,1
GZH9,20:54:37,16764.2800,1
GZH9,20:54:37,15462.2000,2
GZH9,20:54:37,16602.5400,1
GZH9,20:54:43,16437.7500,2
GZH9,20:54:43,15461.2500,22
GZH9,20:54:43,15624.0000,1
GZH9,20:54:43,16764.2800,4
GZH9,20:54:43,15950.4800,1
GZH9,20:54:45,16435.7300,2
GZH9,20:54:57,15622.0800,2
GZH9,20:55:06,15458.4000,2
GZH9,20:55:12,15946.5600,1
GZH9,20:55:34,15620.1600,1
GZH9,20:55:34,16433.7100,2
GZH9,20:55:35,17084.5500,1
GZH9,20:55:35,16595.4000,1
GZH9,20:55:35,16107.3000,2
GZH9,20:55:35,16432.7000,1
GZH9,20:55:35,16594.3800,1
GZH9,20:55:35,16269.0000,2
GZH9,20:55:35,15455.5500,1
GZH9,20:55:35,15455.5500,1
GZH9,20:55:35,15943.6200,2
GZH9,20:55:35,16919.7600,2
GZH9,20:55:35,17082.4500,1
GZH9,20:55:35,17081.4000,1
GZH9,20:55:35,16593.3600,1
GZH9,20:55:35,15779.9600,1
GZH9,20:55:35,16267.0000,1
GZH9,20:55:35,16269.0000,2
GZH9,20:55:35,15617.2800,1
GZH9,20:55:35,17081.4000,2
GZH9,20:55:35,16593.3600,1
GZH9,20:55:35,16917.6800,1
GZH9,20:55:35,16917.6800,1
GZH9,20:55:35,15616.3200,3
GZH9,20:55:35,17080.3500,1
GZH9,20:55:35,15778.9900,1
GZH9,20:55:35,16915.6000,1
GZH9,20:55:35,15451.7500,3
GZH9,20:55:35,16102.3500,1
GZH9,20:55:35,16590.3000,2
GZH9,20:55:35,15614.4000,1
GZH9,20:55:35,16916.6400,1
GZH9,20:55:35,16433.7100,2
GZH9,20:55:35,16272.0000,2
GZH9,20:55:35,16597.4400,1
GZH9,20:55:35,17085.6000,1
GZH9,20:55:35,15459.3500,2
GZH9,20:55:35,15784.8100,3
GZH9,20:55:35,15784.8100,4
GZH9,20:55:35,15778.9900,2
GZH9,20:55:35,16104.3300,1
GZH9,20:55:35,17080.3500,4
GZH9,20:55:35,16916.6400,1
GZH9,20:55:35,16103.3400,2
GZH9,20:55:35,17078.2500,1
GZH9,20:55:35,16915.6000,1
GZH9,20:55:35,16590.3000,1
GZH9,20:55:35,15778.9900,2
GZH9,20:55:35,16432.7000,1
GZH9,20:55:48,15618.2400,1
GZH9,20:56:15,16919.7600,1
GZH9,20:56:15,16431.6900,3
GZH9,20:56:15,16269.0000,2
GZH9,20:56:15,15618.2400,1
GZH9,20:56:47,16106.3100,1
GZH9,20:57:26,16108.2900,4
GZH9,20:57:26,16921.8400,1
GZH9,20:57:26,15945.5800,2
GZH9,20:57:26,15620.1600,2
GZH9,20:57:26,17084.5500,1
GZH9,20:57:26,16759.1300,1
GZH9,20:57:33,16272.0000,1
GZH9,20:57:43,16923.9200,1
GZH9,20:58:30,15460.3000,1
GZH9,20:58:30,16924.9600,4
GZH9,20:58:30,15948.5200,1
GZH9,20:58:40,15459.3500,2
GZH9,20:59:01,15785.7800,1
GZH9,20:59:01,16436.7400,1
GZH9,20:59:30,15786.7500,1
GZH9,20:59:51,15624.0000,1
GZH9,20:59:51,16926.0000,1
GZH9,20:59:51,16600.5000,1
GZH9,20:59:51,16275.0000,2
GZH9,20:59:51,16275.0000,1
GZH9,20:59:51,17089.8000,2
GZH9,20:59:51,15950.4800,1
GZH9,20:59:52,15625.9200,1
GZH9,20:59:52,16602.5400,1
GZH9,20:59:52,16765.3100,1
GZH9,20:59:52,15625.9200,2
GZH9,21:00:00,16764.2800,1
GZH9,21:00:01,15787.7200,2
GZH9,21:00:01,15947.5400,15
GZH9,21:00:01,16764.2800,2
GZH9,21:00:01,15462.2000,2
GZH9,21:00:01,15624.9600,1
GZH9,21:00:01,15787.7200,1
GZH9,21:00:01,16763.2500,2
GZH9,21:00:02,17084.5500,3
GZH9,21:00:02,16596.4200,12
GZH9,21:00:02,15618.2400,4
GZH9,21:00:02,16594.3800,2
GZH9,21:00:02,17080.3500,2
GZH9,21:00:02,15941.6600,1
GZH9,21:00:02,16428.6600,2
GZH9,21:00:02,16103.3400,1
GZH9,21:00:02,16427.6500,2
GZH9,21:00:02,15939.7000,2
GZH9,21:00:02,15939.7000,10
GZH9,21:00:02,15939.7000,2
GZH9,21:00:02,16590.3000,1
GZH9,21:00:02,17077.2000,2
GZH9,21:00:02,16914.5600,1
GZH9,21:00:02,15938.7200,2
GZH9,21:00:02,16263.0000,26
GZH9,21:00:02,17082.4500,2
GZH9,21:00:02,16426.6400,1
GZH9,21:00:02,15938.7200,4
GZH9,21:00:02,15938.7200,2
GZH9,21:00:02,17077.2000,1
GZH9,21:00:02,15937.7400,8
GZH9,21:00:02,16750.8900,1
GZH9,21:00:02,16262.0000,1
GZH9,21:00:02,16914.5600,3
GZH9,21:00:02,16264.0000,3
GZH9,21:00:06,15454.6000,1
GZH9,21:00:06,16594.3800,4
GZH9,21:00:06,16919.7600,1
GZH9,21:00:06,15943.6200,1
GZH9,21:00:06,15943.6200,2
GZH9,21:00:07,16917.6800,1
GZH9,21:00:17,16595.4000,1
GZH9,21:00:25,16433.7100,1
GZH9,21:00:29,16430.6800,2
GZH9,21:00:29,16430.6800,1
GZH9,21:00:29,16918.7200,2
GZH9,21:01:53,15620.1600,1
GZH9,21:01:54,15459.3500,2
GZH9,21:01:54,16110.2700,2
GZH9,21:01:54,16761.1900,2
GZH9,21:01:54,15784.8100,1
GZH9,21:01:54,16598.4600,1
GZH9,21:01:54,17087.7000,4
GZH9,21:02:24,16106.3100,4
GZH9,21:02:24,16432.7000,1
GZH9,21:02:24,17083.5000,2
GZH9,21:02:24,16270.0000,9
GZH9,21:02:49,15451.7500,2
GZH9,21:02:49,16102.3500,1
GZH9,21:02:49,15940.6800,2
GZH9,21:02:49,15941.6600,4
GZH9,21:02:49,15616.3200,1
GZH9,21:02:49,16916.6400,4
GZH9,21:02:49,16591.3200,2
GZH9,21:02:49,16430.6800,2
GZH9,21:02:49,15942.6400,1
GZH9,21:02:49,15454.6000,2
GZH9,21:02:49,16268.0000,1
GZH9,21:02:49,15942.6400,2
GZH9,21:02:49,15454.6000,1
GZH9,21:02:57,15449.8500,1
GZH9,21:02:57,16099.3800,1
GZH9,21:02:57,16590.3000,4
GZH9,21:02:57,16427.6500,1
GZH9,21:02:57,16266.0000,2
GZH9,21:02:57,15940.6800,1
GZH9,21:02:57,16753.9800,2
GZH9,21:02:57,15778.0200,1
GZH9,21:02:57,16428.6600,4
GZH9,21:02:57,16427.6500,4
GZH9,21:02:57,16265.0000,2
GZH9,21:02:57,16265.0000,1
GZH9,21:02:59,16590.3000,3
GZH9,21:03:00,16590.3000,2
GZH9,21:03:08,16265.0000,1
GZH9,21:03:08,16753.9800,1
GZH9,21:03:09,15940.6800,2
GZH9,21:03:15,16753.9800,4
GZH9,21:03:18,15616.3200,1
GZH9,21:03:20,16592.3400,1
GZH9,21:03:20,16755.0100,2
GZH9,21:03:36,16594.3800,2
GZH9,21:04:01,16104.3300,1
GZH9,21:04:01,16917.6800,1
GZH9,21:04:03,15778.9900,4
GZH9,21:04:03,15617.2800,2
GZH9,21:04:03,15942.6400,1
GZH9,21:04:03,16106.3100,4
GZH9,21:04:03,16106.3100,1
GZH9,21:04:04,16431.6900,2
GZH9,21:04:04,15618.2400,2
GZH9,21:04:04,15619.2000,6
GZH9,21:04:04,16758.1000,1
GZH9,21:04:04,16107.3000,1
GZH9,21:04:32,15943.6200,2
GZH9,21:04:32,15618.2400,2
GZH9,21:04:32,15943.6200,1
GZH9,21:04:32,15618.2400,2
GZH9,21:04:32,16594.3800,3
GZH9,21:04:32,16432.7000,2
GZH9,21:04:37,15939.7000,1
GZH9,21:04:42,15941.6600,4
GZH9,21:04:42,15452.7000,2
GZH9,21:04:42,16266.0000,1
GZH9,21:04:42,16753.9800,2
GZH9,21:04:42,16590.3000,1
GZH9,21:04:43,15451.7500,3
GZH9,21:04:43,15453.6500,1
GZH9,21:04:43,16592.3400,1
GZH9,21:05:08,16595.4000,1
GZH9,21:05:08,16107.3000,24
GZH9,21:05:08,17083.5000,1
GZH9,21:05:08,17084.5500,2
GZH9,21:05:08,15458.4000,2
GZH9,21:05:08,16922.8800,1
GZH9,21:05:08,16111.2600,1
GZH9,21:05:10,15459.3500,3
GZH9,21:05:16,15461.2500,1
GZH9,21:05:17,15948.5200,2
GZH9,21:05:17,15784.8100,1
GZH9,21:05:17,15947.5400,2
GZH9,21:05:19,16923.9200,1
GZH9,21:05:22,15622.0800,4
GZH9,21:05:22,16761.1900,2
GZH9,21:05:26,15621.1200,1
GZH9,21:05:27,15621.1200,1
GZH9,21:05:30,15620.1600,1
GZH9,21:05:30,16108.2900,1
GZH9,21:05:32,16596.4200,1
GZH9,21:05:32,15945.5800,1
GZH9,21:05:32,16759.1300,1
GZH9,21:05:34,15457.4500,1
GZH9,21:05:34,15945.5800,1
GZH9,21:05:35,16108.2900,1
GZH9,21:05:36,16271.0000,1
GZH9,21:05:36,17084.5500,1
GZH9,21:05:38,16108.2900,1
GZH9,21:05:43,16109.2800,1
GZH9,21:06:06,16924.9600,1
GZH9,21:06:53,15461.2500,1
GZH9,21:06:55,15462.2000,1
GZH9,21:06:57,16765.3100,1
GZH9,21:06:57,16929.1200,1
GZH9,21:06:59,15465.0500,1
GZH9,21:07:09,15626.8800,2
GZH9,21:08:23,15625.9200,2
GZH9,21:08:51,16116.2100,1
GZH9,21:09:15,15625.9200,4
GZH9,21:09:15,16277.0000,2
GZH9,21:09:15,15787.7200,1
GZH9,21:09:20,16441.7900,2
GZH9,21:09:20,16604.5800,1
GZH9,21:09:28,16605.6000,1
GZH9,21:09:28,16768.4000,1
GZH9,21:09:29,16931.2000,2
GZH9,21:09:34,16605.6000,10
GZH9,21:09:36,16609.6800,1
GZH9,21:09:36,15795.4800,2
GZH9,21:09:36,16935.3600,1
GZH9,21:09:43,15466.0000,1
GZH9,21:10:35,15466.0000,1
GZH9,21:10:35,16279.0000,2
GZH9,21:10:35,16116.2100,1
GZH9,21:10:37,15787.7200,1
GZH9,21:10:51,16275.0000,4
GZH9,21:11:24,17087.7000,1
GZH9,21:11:24,15785.7800,1
GZH9,21:11:24,17087.7000,2
GZH9,21:11:24,15786.7500,6
GZH9,21:11:24,16112.2500,1
GZH9,21:11:24,15786.7500,2
GZH9,21:11:39,16598.4600,1
GZH9,21:11:49,16927.0400,1
GZH9,21:11:57,16435.7300,1
GZH9,21:11:57,16922.8800,1
GZH9,21:12:03,16758.1000,1
GZH9,21:12:08,15457.4500,2
GZH9,21:12:08,15620.1600,1
GZH9,21:12:11,15620.1600,2
GZH9,21:12:11,15782.8700,1
GZH9,21:12:11,17084.5500,1
GZH9,21:12:11,16760.1600,4
GZH9,21:12:11,16434.7200,1
GZH9,21:12:11,15783.8400,1
GZH9,21:12:11,16922.8800,2
GZH9,21:12:11,15622.0800,2
GZH9,21:12:11,16598.4600,1
GZH9,21:12:11,15947.5400,1
GZH9,21:12:11,16273.0000,2
GZH9,21:12:11,16274.0000,4
GZH9,21:12:11,17087.7000,2
GZH9,21:12:11,16762.2200,1
GZH9,21:12:11,15949.5000,1
GZH9,21:12:11,15787.7200,4
GZH9,21:12:11,16601.5200,1
GZH9,21:12:11,16601.5200,1
GZH9,21:12:11,16603.5600,1
GZH9,21:12:11,16603.5600,2
GZH9,21:12:11,16603.5600,4
GZH9,21:12:11,15789.6600,1
GZH9,21:12:11,16603.5600,27
GZH9,21:12:11,15789.6600,4
GZH9,21:12:11,16929.1200,2
GZH9,21:12:11,16603.5600,4
GZH9,21:12:11,16767.3700,2
GZH9,21:12:11,16604.5800,2
GZH9,21:12:11,16930.1600,1
GZH9,21:12:11,16768.4000,2
GZH9,21:12:11,15628.8000,1
GZH9,21:12:11,15954.4000,3
GZH9,21:12:11,17094.0000,1
GZH9,21:12:11,15466.0000,1
GZH9,21:12:11,16117.2000,2
GZH9,21:12:11,15466.0000,1
GZH9,21:12:11,16606.6200,2
GZH9,21:12:11,15955.3800,1
GZH9,21:12:11,16769.4300,2
GZH9,21:12:11,16770.4600,1
GZH9,21:12:11,16768.4000,1
GZH9,21:12:11,15791.6000,1
GZH9,21:12:11,16118.1900,2
GZH9,21:12:11,15956.3600,2
GZH9,21:12:11,15956.3600,2
GZH9,21:12:11,16112.2500,2
GZH9,21:12:11,15460.3000,2
GZH9,21:12:11,15787.7200,2
GZH9,21:12:11,16600.5000,1
GZH9,21:12:11,16926.0000,1
GZH9,21:12:11,15464.1000,2
GZH9,21:12:11,15952.4400,1
GZH9,21:12:11,16603.5600,2
GZH9,21:12:11,16930.1600,1
GZH9,21:12:11,16604.5800,1
GZH9,21:12:11,15466.0000,3
GZH9,21:12:11,16117.2000,1
GZH9,21:12:11,15466.0000,1
GZH9,21:12:11,16442.8000,2
GZH9,21:12:11,16932.2400,2
GZH9,21:12:11,15629.7600,1
GZH9,21:12:11,15955.3800,1
GZH9,21:12:11,17097.1500,2
GZH9,21:12:11,15794.5100,1
GZH9,21:12:11,16445.8300,2
GZH9,21:12:11,16602.5400,2
GZH9,21:12:11,17095.0500,2
GZH9,21:12:11,16119.1800,1
GZH9,21:12:12,16118.1900,4
GZH9,21:12:13,16443.8100,4
GZH9,21:12:13,15955.3800,4
GZH9,21:12:13,15629.7600,2
GZH9,21:12:13,16281.0000,4
GZH9,21:12:20,16606.6200,4
GZH9,21:12:20,16606.6200,4
GZH9,21:12:21,16280.0000,2
GZH9,21:12:21,15464.1000,2
GZH9,21:12:23,15951.4600,2
GZH9,21:13:02,15956.3600,4
GZH9,21:13:02,16282.0000,1
GZH9,21:13:02,16607.6400,2
GZH9,21:13:02,15630.7200,1
GZH9,21:13:02,16608.6600,1
GZH9,21:13:02,16445.8300,2
GZH9,21:13:02,15469.8000,1
GZH9,21:13:02,17098.2000,2
GZH9,21:13:02,15958.3200,4
GZH9,21:13:02,15633.6000,1
GZH9,21:13:02,17099.2500,1
GZH9,21:13:02,15796.4500,2
GZH9,21:13:02,16774.5800,1
GZH9,21:13:02,15797.4200,1
GZH9,21:13:02,16123.1400,2
GZH9,21:13:02,16612.7400,2
GZH9,21:13:02,17101.3500,1
GZH9,21:13:02,15962.2400,2
GZH9,21:13:02,17102.4000,1
GZH9,21:13:02,16450.8800,2
GZH9,21:13:02,15799.3600,1
GZH9,21:13:32,16125.1200,1
GZH9,21:13:40,17103.4500,1
GZH9,21:13:46,15474.5500,1
GZH9,21:13:50,16614.7800,1
GZH9,21:13:58,16290.0000,1
GZH9,21:13:58,16127.1000,1
GZH9,21:13:58,15802.2700,1
GZH9,21:14:08,15960.2800,2
GZH9,21:14:25,16774.5800,1
GZH9,21:14:45,16778.7000,2
GZH9,21:15:34,16777.6700,1
GZH9,21:15:36,16939.5200,1
GZH9,21:16:03,16449.8700,1
GZH9,21:16:40,17101.3500,1
GZH9,21:16:52,15799.3600,2
GZH9,21:16:52,16776.6400,1
GZH9,21:17:09,15963.2200,4
GZH9,21:17:27,16451.8900,1
GZH9,21:18:30,15796.4500,2
GZH9,21:18:33,17098.2000,2
GZH9,21:18:49,15958.3200,2
GZH9,21:18:49,16772.5200,2
GZH9,21:18:51,16935.3600,15
GZH9,21:19:40,16122.1500,2
GZH9,21:19:40,15959.3000,1
GZH9,21:19:40,15960.2800,1
GZH9,21:20:59,15635.5200,2
GZH9,21:21:11,15964.2000,4
GZH9,21:21:11,15475.5000,1
GZH9,21:21:11,15801.3000,1
GZH9,21:21:11,16616.8200,2
GZH9,21:21:15,15803.2400,30
GZH9,21:21:15,15479.3000,1
GZH9,21:21:15,16456.9400,1
GZH9,21:21:15,16131.0600,1
GZH9,21:21:15,16294.0000,2
GZH9,21:21:15,15477.4000,1
GZH9,21:21:16,16295.0000,1
GZH9,21:21:16,15806.1500,1
GZH9,21:21:16,17109.7500,4
GZH9,21:21:16,16133.0400,1
GZH9,21:21:16,15644.1600,1
GZH9,21:21:16,15807.1200,1
GZH9,21:21:16,16784.8800,1
GZH9,21:21:16,16458.9600,1
GZH9,21:21:16,17111.8500,1
GZH9,21:22:12,17113.9500,2
GZH9,21:22:22,17108.7000,2
GZH9,21:22:22,16944.7200,1
GZH9,21:22:22,15804.2100,2
GZH9,21:22:22,15966.1600,3
GZH9,21:22:22,15803.2400,2
GZH9,21:22:22,17106.6000,1
GZH9,21:22:22,17106.6000,1
GZH9,21:22:27,16457.9500,1
GZH9,21:22:40,15967.1400,2
GZH9,21:22:41,16453.9100,4
GZH9,21:22:41,16779.7300,2
GZH9,21:22:54,16453.9100,1
GZH9,21:22:55,16942.6400,2
GZH9,21:22:56,15476.4500,2
GZH9,21:22:56,16291.0000,1
GZH9,21:22:58,15476.4500,1
GZH9,21:23:05,17105.5500,1
GZH9,21:25:14,15636.4800,7
GZH9,21:25:14,15799.3600,1
GZH9,21:25:14,15799.3600,1
GZH9,21:25:16,16127.1000,5
GZH9,21:25:16,16941.6000,1
GZH9,21:25:19,15636.4800,4
GZH9,21:25:19,15962.2400,4
GZH9,21:27:02,16129.0800,1
GZH9,21:27:02,16780.7600,1
GZH9,21:28:05,16946.8000,1
GZH9,21:28:20,16783.8500,2
GZH9,21:28:20,15806.1500,1
GZH9,21:28:20,15971.0600,1
GZH9,21:28:29,16948.8800,1
GZH9,21:28:32,15642.2400,1
GZH9,21:28:46,16294.0000,1
GZH9,21:28:46,15642.2400,1
GZH9,21:28:46,15642.2400,1
GZH9,21:28:57,15804.2100,1
GZH9,21:29:58,16782.8200,2
GZH9,21:30:00,16944.7200,1
GZH9,21:30:28,16944.7200,1
GZH9,21:31:03,15807.1200,1
GZH9,21:32:14,15968.1200,2
GZH9,21:33:02,17111.8500,5
GZH9,21:33:02,15808.0900,4
GZH9,21:33:02,16297.0000,1
GZH9,21:33:02,16297.0000,2
GZH9,21:33:02,16297.0000,1
GZH9,21:33:02,16786.9400,2
GZH9,21:33:02,15483.1000,1
GZH9,21:33:13,15972.0400,2
GZH9,21:33:39,15809.0600,2
GZH9,21:33:48,16952.0000,1
GZH9,21:33:48,16626.0000,1
GZH9,21:33:53,16464.0100,1
GZH9,21:34:36,17117.1000,1
GZH9,21:34:36,16954.0800,1
GZH9,21:34:36,16954.0800,1
GZH9,21:34:46,15650.8800,5
GZH9,21:34:46,15976.9400,1
GZH9,21:34:46,15814.8800,1
GZH9,21:34:46,15814.8800,1
GZH9,21:35:00,16303.0000,2
GZH9,21:35:37,15974.9800,1
GZH9,21:35:37,16464.0100,1
GZH9,21:36:03,16137.9900,1
GZH9,21:36:04,17117.1000,1
GZH9,21:36:36,15485.9500,2
GZH9,21:36:36,15648.9600,1
GZH9,21:36:36,16463.0000,1
GZH9,21:36:36,16137.0000,2
GZH9,21:37:16,16140.9600,2
GZH9,21:37:27,15814.8800,2
GZH9,21:37:27,16304.0000,1
GZH9,21:37:30,15485.9500,4
GZH9,21:37:30,16300.0000,1
GZH9,21:37:36,15977.9200,2
GZH9,21:38:08,16793.1200,1
GZH9,21:38:18,15485.0000,7
GZH9,21:38:18,17115.0000,1
GZH9,21:38:19,16463.0000,2
GZH9,21:38:19,15648.0000,2
GZH9,21:38:20,15974.0000,1
GZH9,21:38:21,15811.0000,1
GZH9,21:39:57,15649.9200,1
GZH9,21:40:13,16467.0400,4
GZH9,21:40:13,15977.9200,1
GZH9,21:40:13,15815.8500,2
GZH9,21:40:13,16794.1500,1
GZH9,21:40:13,16305.0000,1
GZH9,21:40:13,15489.7500,1
GZH9,21:40:31,16143.9300,2
GZH9,21:40:31,16796.2100,1
GZH9,21:40:43,16467.0400,2
GZH9,21:40:43,15488.8000,2
GZH9,21:40:49,16464.0100,1
GZH9,21:41:38,15648.9600,1
GZH9,21:42:06,16953.0400,2
GZH9,21:42:16,16301.0000,2
GZH9,21:42:40,15648.0000,2
GZH9,21:42:44,15974.0000,1
GZH9,21:42:48,16301.0000,1
GZH9,21:42:48,16137.9900,1
GZH9,21:42:48,15649.9200,1
GZH9,21:42:48,16955.1200,4
GZH9,21:43:32,15648.9600,2
GZH9,21:43:34,17120.2500,4
GZH9,21:43:34,16468.0500,2
GZH9,21:43:34,16305.0000,14
GZH9,21:43:34,16468.0500,4
GZH9,21:43:34,16631.1000,2
GZH9,21:43:34,15978.9000,15
GZH9,21:43:34,16468.0500,24
GZH9,21:43:34,15489.7500,4
GZH9,21:43:34,15815.8500,4
GZH9,21:43:35,15978.9000,2
GZH9,21:43:35,16141.9500,1
GZH9,21:43:46,16137.9900,2
GZH9,21:45:04,16953.0400,1
GZH9,21:45:04,15485.9500,1
GZH9,21:45:45,16301.0000,2
GZH9,21:45:47,17116.0500,2
GZH9,21:46:01,16302.0000,1
GZH9,21:46:21,15650.8800,1
GZH9,21:46:21,16466.0300,1
GZH9,21:46:31,16140.9600,2
GZH9,21:46:31,16304.0000,1
GZH9,21:46:31,16141.9500,2
GZH9,21:46:31,16305.0000,1
GZH9,21:46:31,15652.8000,10
GZH9,21:47:17,15487.8500,2
GZH9,21:47:17,15976.9400,2
GZH9,21:48:12,16305.0000,1
GZH9,21:48:12,17120.2500,2
GZH9,21:48:21,16958.2400,2
GZH9,21:48:21,16959.2800,1
GZH9,21:49:09,15650.8800,4
GZH9,21:49:09,16792.0900,2
GZH9,21:49:09,15975.9600,1
GZH9,21:49:21,16958.2400,4
GZH9,21:49:21,15653.7600,1
GZH9,21:49:21,15653.7600,1
GZH9,21:49:21,16306.0000,1
GZH9,21:49:21,16796.2100,3
GZH9,21:49:21,16143.9300,1
GZH9,21:49:21,16796.2100,2
GZH9,21:49:21,16470.0700,7
GZH9,21:50:10,16955.1200,1
GZH9,21:50:37,16307.0000,19
GZH9,21:50:43,15979.8800,2
GZH9,21:50:52,16792.0900,3
GZH9,21:51:11,16469.0600,1
GZH9,21:51:22,16798.2700,2
GZH9,21:51:30,15818.7600,4
GZH9,21:51:30,15818.7600,2
GZH9,21:51:30,16961.3600,1
GZH9,21:51:30,16472.0900,1
GZH9,21:51:30,15493.5500,1
GZH9,21:51:38,16958.2400,1
GZH9,21:52:10,15487.8500,1
GZH9,21:56:29,16793.1200,1
GZH9,21:56:32,17116.0500,2
GZH9,21:58:23,16627.0200,2
GZH9,21:58:23,16137.0000,10
GZH9,21:58:23,17115.0000,2
GZH9,21:59:32,16134.0300,1
GZH9,21:59:32,17111.8500,1
GZH9,21:59:32,16459.9700,1
GZH9,21:59:32,15645.1200,1
GZH9,22:01:02,17113.9500,2
GZH9,22:01:02,15972.0400,1
GZH9,22:01:02,16623.9600,2
GZH9,22:01:02,16297.0000,2
GZH9,22:01:02,15482.1500,4
GZH9,22:01:02,16134.0300,1
GZH9,22:01:02,17112.9000,4
GZH9,22:01:02,17112.9000,1
GZH9,22:01:02,17112.9000,2
GZH9,22:01:02,16136.0100,2
GZH9,22:01:02,16950.9600,1
GZH9,22:01:02,15810.0300,3
GZH9,22:01:02,16136.0100,1
GZH9,22:01:02,17113.9500,1
GZH9,22:01:26,16132.0500,1
GZH9,22:01:51,15646.0800,1
GZH9,22:01:51,16786.9400,1
GZH9,22:01:51,16460.9800,2
GZH9,22:03:00,15484.0500,1
GZH9,22:03:50,16297.0000,2
GZH9,22:03:51,15973.0200,2
GZH9,22:03:51,16624.9800,1
GZH9,22:04:08,16626.0000,1
GZH9,22:04:11,15645.1200,1
GZH9,22:04:18,16137.0000,1
GZH9,22:04:18,16137.0000,1
GZH9,22:04:18,16952.0000,2
GZH9,22:04:18,17116.0500,1
GZH9,22:05:10,15486.9000,1
GZH9,22:05:12,17118.1500,1
GZH9,22:05:36,16465.0200,2
GZH9,22:06:14,16303.0000,1
GZH9,22:06:35,15650.8800,3
GZH9,22:06:43,16626.0000,1
GZH9,22:06:43,15811.0000,2
GZH9,22:06:43,16136.0100,4
GZH9,22:06:43,16787.9700,2
GZH9,22:06:43,15810.0300,1
GZH9,22:06:43,15972.0400,1
GZH9,22:06:48,15974.0000,2
GZH9,22:07:04,16459.9700,3
GZH9,22:07:13,16785.9100,1
GZH9,22:07:22,15971.0600,1
GZH9,22:07:22,16459.9700,2
GZH9,22:07:22,16459.9700,1
GZH9,22:07:22,15483.1000,1
GZH9,22:07:27,15974.0000,10
GZH9,22:07:27,16953.0400,1
GZH9,22:07:30,17117.1000,3
GZH9,22:07:58,16952.0000,1
GZH9,22:08:00,15650.8800,1
GZH9,22:08:00,15650.8800,4
GZH9,22:08:00,16629.0600,1
GZH9,22:08:03,15648.0000,1
GZH9,22:08:07,16139.9700,1
GZH9,22:09:00,15810.0300,1
GZH9,22:09:05,16787.9700,1
GZH9,22:09:12,16949.9200,1
GZH9,22:09:23,16135.0200,1
GZH9,22:09:33,15972.0400,1
GZH9,22:11:54,15647.0400,1
GZH9,22:12:06,16299.0000,1
GZH9,22:12:06,17115.0000,6
GZH9,22:12:07,15481.2000,1
GZH9,22:12:35,15811.0000,1
GZH9,22:13:19,16784.8800,4
GZH9,22:13:19,16947.8400,6
GZH9,22:14:10,16457.9500,2
GZH9,22:14:10,15806.1500,1
GZH9,22:14:57,16619.8800,2
GZH9,22:14:57,16456.9400,1
GZH9,22:14:58,16293.0000,2
GZH9,22:14:58,16618.8600,2
GZH9,22:14:58,15966.1600,1
GZH9,22:14:58,16292.0000,2
GZH9,22:14:58,17106.6000,2
GZH9,22:14:58,16129.0800,3
GZH9,22:14:58,16454.9200,1
GZH9,22:15:34,15967.1400,8
GZH9,22:16:43,15806.1500,2
GZH9,22:16:44,15479.3000,2
GZH9,22:19:43,17104.5000,1
GZH9,22:19:43,16452.9000,4
GZH9,22:20:36,16942.6400,1
GZH9,22:20:36,16779.7300,1
GZH9,22:20:36,15967.1400,2
GZH9,22:20:55,15638.4000,1
GZH9,22:21:06,16618.8600,1
GZH9,22:21:42,16618.8600,1
GZH9,22:21:42,16618.8600,1
GZH9,22:21:59,15642.2400,5
GZH9,22:21:59,16784.8800,1
GZH9,22:21:59,16784.8800,1
GZH9,22:22:12,16621.9200,5
GZH9,22:23:04,17113.9500,1
GZH9,22:23:04,16461.9900,1
GZH9,22:23:23,15807.1200,2
GZH9,22:24:31,15967.1400,2
GZH9,22:25:03,15801.3000,2
GZH9,22:25:03,15964.2000,1
GZH9,22:25:03,16615.8000,1
GZH9,22:25:19,16781.7900,1
GZH9,22:26:37,15641.2800,5
GZH9,22:26:59,16292.0000,1
GZH9,22:27:03,16129.0800,2
GZH9,22:27:49,16127.1000,1
GZH9,22:27:49,16941.6000,2
GZH9,22:28:21,15803.2400,2
GZH9,22:28:21,16129.0800,1
GZH9,22:28:31,16944.7200,1
GZH9,22:28:46,16782.8200,5
GZH9,22:28:46,16946.8000,2
GZH9,22:29:13,17109.7500,5
GZH9,22:29:13,15643.2000,2
GZH9,22:29:32,16947.8400,5
GZH9,22:29:45,16785.9100,5
GZH9,22:30:00,15809.0600,3
GZH9,22:30:01,16459.9700,1
GZH9,22:30:01,17112.9000,2
GZH9,22:30:01,15483.1000,2
GZH9,22:30:01,15969.1000,1
GZH9,22:30:01,17109.7500,4
GZH9,22:30:01,16295.0000,2
GZH9,22:30:01,15967.1400,4
GZH9,22:30:01,16781.7900,2
GZH9,22:30:01,16129.0800,2
GZH9,22:30:01,15640.3200,1
GZH9,22:30:01,15639.3600,4
GZH9,22:30:01,17105.5500,1
GZH9,22:30:01,15476.4500,2
GZH9,22:30:01,15964.2000,2
GZH9,22:30:01,17104.5000,1
GZH9,22:30:01,15801.3000,2
GZH9,22:30:01,16452.9000,1
GZH9,22:30:01,15963.2200,4
GZH9,22:30:01,16451.8900,2
GZH9,22:30:01,15962.2400,1
GZH9,22:30:01,16450.8800,2
GZH9,22:30:01,15473.6000,1
GZH9,22:30:01,17101.3500,2
GZH9,22:30:01,16775.6100,2
GZH9,22:30:01,17101.3500,1
GZH9,22:30:01,16286.0000,2
GZH9,22:30:01,16286.0000,2
GZH9,22:30:01,15960.2800,1
GZH9,22:30:01,16123.1400,7
GZH9,22:30:01,16122.1500,2
GZH9,22:30:01,16610.7000,1
GZH9,22:30:01,16285.0000,1
GZH9,22:30:01,17099.2500,12
GZH9,22:30:01,16939.5200,2
GZH9,22:30:01,17101.3500,2
GZH9,22:30:01,16938.4800,2
GZH9,22:30:01,15472.6500,1
GZH9,22:30:01,16123.1400,1
GZH9,22:30:01,15797.4200,2
GZH9,22:30:01,16123.1400,1
GZH9,22:30:01,16122.1500,7
GZH9,22:30:43,16617.8400,2
GZH9,22:30:43,15477.4000,2
GZH9,22:30:43,16944.7200,1
GZH9,22:30:43,16618.8600,2
GZH9,22:30:48,15645.1200,4
GZH9,22:30:48,16949.9200,2
GZH9,22:30:48,16298.0000,1
GZH9,22:30:48,16460.9800,2
GZH9,22:30:48,16787.9700,5
GZH9,22:30:48,15811.0000,1
GZH9,22:30:48,16300.0000,1
GZH9,22:30:48,15485.0000,2
GZH9,22:30:48,17115.0000,1
GZH9,22:30:54,16464.0100,2
GZH9,22:30:54,15485.9500,4
GZH9,22:30:54,16628.0400,2
GZH9,22:30:54,16138.9800,1
GZH9,22:30:54,15649.9200,4
GZH9,22:31:19,15809.0600,2
GZH9,22:31:46,15480.2500,2
GZH9,22:32:21,16946.8000,2
GZH9,22:34:31,15478.3500,4
GZH9,22:34:31,16130.0700,5
GZH9,22:34:31,16781.7900,5
GZH9,22:36:25,15642.2400,2
GZH9,22:36:58,15805.1800,1
GZH9,22:37:09,16945.7600,1
GZH9,22:37:19,16784.8800,2
GZH9,22:37:19,16459.9700,4
GZH9,22:37:19,16785.9100,2
GZH9,22:37:33,16132.0500,2
GZH9,22:37:33,17109.7500,8
GZH9,22:37:33,15806.1500,12
GZH9,22:37:33,16620.9000,10
GZH9,22:37:53,16618.8600,2
GZH9,22:38:11,16294.0000,2
GZH9,22:38:11,16620.9000,1
GZH9,22:38:11,16132.0500,10
GZH9,22:38:11,17109.7500,7
GZH9,22:38:11,16783.8500,3
GZH9,22:38:11,15480.2500,5
GZH9,22:38:11,16295.0000,2
GZH9,22:38:11,15643.2000,4
GZH9,22:38:11,16785.9100,3
GZH9,22:38:11,16297.0000,1
GZH9,22:38:11,16785.9100,2
GZH9,22:38:11,16948.8800,1
GZH9,22:38:11,16949.9200,2
GZH9,22:38:11,16460.9800,1
GZH9,22:38:11,16459.9700,1
GZH9,22:38:11,16948.8800,1
GZH9,22:38:11,17111.8500,2
GZH9,22:38:11,16134.0300,2
GZH9,22:38:11,16460.9800,1
GZH9,22:38:11,16135.0200,3
GZH9,22:38:11,16299.0000,1
GZH9,22:38:12,15477.4000,1
GZH9,22:38:40,16134.0300,2
GZH9,22:38:40,15645.1200,7
GZH9,22:38:46,16134.0300,6
GZH9,22:42:05,16456.9400,1
GZH9,22:42:28,16620.9000,2
GZH9,22:42:28,17109.7500,1
GZH9,22:42:28,15481.2000,4
GZH9,22:43:17,15481.2000,1
GZH9,22:43:59,16136.0100,1
GZH9,22:43:59,15647.0400,2
GZH9,22:43:59,16950.9600,1
GZH9,22:43:59,16789.0000,2
GZH9,22:44:00,16626.0000,1
GZH9,22:44:04,15974.0000,9
GZH9,22:44:30,16789.0000,6
GZH9,22:44:30,17115.0000,1
GZH9,22:44:33,16626.0000,1
GZH9,22:44:35,16137.0000,2
GZH9,22:44:35,15974.0000,2
GZH9,22:44:35,15648.0000,5
GZH9,22:44:36,16463.0000,2
GZH9,22:44:36,16789.0000,2
GZH9,22:44:47,16139.9700,2
GZH9,22:44:47,15814.8800,2
GZH9,22:44:47,16304.0000,1
GZH9,22:44:47,16792.0900,1
GZH9,22:44:47,15489.7500,2
GZH9,22:44:47,15652.8000,2
GZH9,22:44:47,15815.8500,1
GZH9,22:45:00,16794.1500,2
GZH9,22:45:00,17120.2500,1
GZH9,22:45:10,15651.8400,3
GZH9,22:45:24,15649.9200,1
GZH9,22:45:39,16954.0800,1
GZH9,22:45:45,16630.0800,2
GZH9,22:45:45,15977.9200,1
GZH9,22:45:45,16630.0800,1
GZH9,22:45:45,15488.8000,1
GZH9,22:45:45,15978.9000,1
GZH9,22:45:45,16794.1500,1
GZH9,22:46:24,15651.8400,1
GZH9,22:46:31,15816.8200,1
GZH9,22:46:34,16469.0600,3
GZH9,22:46:34,16958.2400,2
GZH9,22:46:34,15979.8800,1
GZH9,22:46:34,15817.7900,1
GZH9,22:46:53,16306.0000,1
GZH9,22:47:50,16466.0300,1
GZH9,22:47:51,16465.0200,1
GZH9,22:47:52,16463.0000,1
GZH9,22:47:53,16464.0100,2
GZH9,22:47:55,15974.0000,1
GZH9,22:47:55,16787.9700,1
GZH9,22:48:12,15811.9700,2
GZH9,22:48:40,15483.1000,3
GZH9,22:50:32,15975.9600,2
GZH9,22:50:58,15646.0800,1
GZH9,22:52:16,15486.9000,5
GZH9,22:53:30,17120.2500,2
GZH9,22:53:30,16305.0000,5
GZH9,22:53:30,15979.8800,3
GZH9,22:53:30,16795.1800,1
GZH9,22:53:30,15490.7000,2
GZH9,22:53:30,15979.8800,5
GZH9,22:53:30,15817.7900,1
GZH9,22:53:30,15654.7200,2
GZH9,22:53:30,15817.7900,2
GZH9,22:53:30,15491.6500,30
GZH9,22:53:30,16144.9200,2
GZH9,22:53:30,17123.4000,1
GZH9,22:53:30,15493.5500,2
GZH9,22:53:30,15656.6400,4
GZH9,22:53:30,16962.4000,1
GZH9,22:53:30,15657.6000,2
GZH9,22:53:30,15494.5000,8
GZH9,22:53:30,15984.7800,3
GZH9,22:53:30,16800.3300,2
GZH9,22:53:30,16800.3300,3
GZH9,22:53:30,15496.4000,19
GZH9,22:53:31,17126.5500,2
GZH9,22:53:31,16801.3600,11
GZH9,22:53:31,16148.8800,2
GZH9,22:53:31,16638.2400,2
GZH9,22:54:18,15491.6500,4
GZH9,22:54:18,15817.7900,2
GZH9,22:54:18,16958.2400,1
GZH9,22:54:18,16958.2400,4
GZH9,22:54:18,15816.8200,2
GZH9,22:54:34,16142.9400,7
GZH9,22:54:34,16306.0000,2
GZH9,22:54:42,16794.1500,4
GZH9,22:54:42,15489.7500,2
GZH9,22:54:42,15489.7500,4
GZH9,22:54:42,16957.2000,2
GZH9,22:55:51,16143.9300,2
GZH9,22:59:53,16631.1000,1
GZH9,22:59:53,15489.7500,4
GZH9,22:59:54,15491.6500,1
GZH9,23:00:09,15651.8400,1
GZH9,23:01:06,15980.8600,2
GZH9,23:01:06,16796.2100,4
GZH9,23:01:06,16144.9200,2
GZH9,23:01:06,16308.0000,2
GZH9,23:01:41,15817.7900,2
GZH9,23:01:42,16471.0800,1
GZH9,23:01:46,15978.9000,1
GZH9,23:01:56,17120.2500,3
GZH9,23:01:56,16957.2000,1
GZH9,23:01:56,16468.0500,1
GZH9,23:01:56,15489.7500,5
GZH9,23:01:56,16305.0000,2
GZH9,23:02:17,15489.7500,1
GZH9,23:02:17,16141.9500,2
GZH9,23:03:02,15489.7500,1
GZH9,23:03:23,15490.7000,1
GZH9,23:04:00,15653.7600,1
GZH9,23:04:00,17122.3500,1
GZH9,23:04:23,17122.3500,4
GZH9,23:04:23,16959.2800,2
GZH9,23:05:03,17123.4000,2
GZH9,23:05:03,16144.9200,2
GZH9,23:05:37,16307.0000,1
GZH9,23:06:05,15654.7200,1
GZH9,23:06:23,16472.0900,1
GZH9,23:06:23,15819.7300,2
GZH9,23:06:29,16636.2000,1
GZH9,23:07:15,16470.0700,1
GZH9,23:07:18,16799.3000,1
GZH9,23:07:18,16962.4000,1
GZH9,23:08:09,15821.6700,2
GZH9,23:08:09,15658.5600,1
GZH9,23:08:10,16959.2800,1
GZH9,23:08:49,15657.6000,5
GZH9,23:08:49,16146.9000,1
GZH9,23:08:49,16799.3000,1
GZH9,23:12:06,15494.5000,1
GZH9,23:12:07,15654.7200,1
GZH9,23:12:10,16959.2800,1
GZH9,23:12:41,16799.3000,1
GZH9,23:13:08,15983.8000,1
GZH9,23:13:08,15657.6000,1
GZH9,23:13:08,15983.8000,1
GZH9,23:14:48,16961.3600,1
GZH9,23:14:48,16309.0000,4
GZH9,23:15:37,16145.9100,1
GZH9,23:15:37,17125.5000,1
GZH9,23:16:16,16962.4000,2
GZH9,23:16:25,17124.4500,1
GZH9,23:16:31,16637.2200,1
GZH9,23:16:34,15819.7300,1
GZH9,23:16:35,16471.0800,1
GZH9,23:16:48,15657.6000,20
GZH9,23:16:48,15494.5000,2
GZH9,23:17:29,15493.5500,2
GZH9,23:17:43,16310.0000,3
GZH9,23:17:43,16799.3000,1
GZH9,23:17:59,16799.3000,1
GZH9,23:17:59,15820.7000,2
GZH9,23:17:59,16146.9000,1
GZH9,23:19:42,16796.2100,1
GZH9,23:20:05,15820.7000,4
GZH9,23:20:05,16799.3000,2
GZH9,23:20:05,16311.0000,1
GZH9,23:20:05,16147.8900,3
GZH9,23:20:05,17126.5500,2
GZH9,23:20:05,17127.6000,13
GZH9,23:20:06,16637.2200,4
GZH9,23:20:06,15496.4000,21
GZH9,23:20:07,15496.4000,25
GZH9,23:20:08,16312.0000,25
GZH9,23:20:34,15985.7600,235
GZH9,23:20:34,16638.2400,1
GZH9,23:20:34,15825.5500,1
GZH9,23:20:34,15664.3200,1
GZH9,23:20:34,15501.1500,5
GZH9,23:20:34,15501.1500,4
GZH9,23:20:34,15991.6400,1
GZH9,23:20:34,15668.1600,2
GZH9,23:20:34,16322.0000,1
GZH9,23:20:34,16811.6600,1
GZH9,23:20:35,16322.0000,1
GZH9,23:20:35,16648.4400,3
GZH9,23:20:35,16323.0000,4
GZH9,23:20:35,16978.0000,3
GZH9,23:20:35,16488.2500,2
GZH9,23:20:35,16161.7500,1
GZH9,23:20:35,15509.7000,6
GZH9,23:20:35,15673.9200,1
GZH9,23:20:35,16815.7800,1
GZH9,23:20:35,15668.1600,1
GZH9,23:20:35,16652.5200,1
GZH9,23:20:35,15672.9600,1
GZH9,23:20:35,16980.0800,3
GZH9,23:20:35,16001.4400,50
GZH9,23:20:35,15512.5500,2
GZH9,23:20:35,16159.7700,4
GZH9,23:20:35,17139.1500,1
GZH9,23:20:35,16649.4600,1
GZH9,23:20:35,16974.8800,2
GZH9,23:20:35,16485.2200,1
GZH9,23:20:35,16322.0000,1
GZH9,23:20:35,16485.2200,2
GZH9,23:20:35,16484.2100,3
GZH9,23:20:35,15668.1600,1
GZH9,23:20:35,16157.7900,1
GZH9,23:20:35,16810.6300,2
GZH9,23:20:35,16973.8400,10
GZH9,23:20:35,16973.8400,1
GZH9,23:20:35,16321.0000,1
GZH9,23:20:35,16647.4200,1
GZH9,23:20:35,16647.4200,13
GZH9,23:20:35,15668.1600,13
GZH9,23:20:35,16648.4400,4
GZH9,23:20:35,16485.2200,1
GZH9,23:20:35,15505.9000,6
GZH9,23:20:35,15995.5600,1
GZH9,23:20:35,16648.4400,16
GZH9,23:20:35,16489.2600,2
GZH9,23:20:35,15999.4800,1
GZH9,23:20:35,16815.7800,1
GZH9,23:20:35,16978.0000,2
GZH9,23:20:35,15672.9600,1
GZH9,23:20:35,17141.2500,2
GZH9,23:20:35,17141.2500,1
GZH9,23:20:35,16651.5000,1
GZH9,23:20:35,16651.5000,1
GZH9,23:20:37,16160.7600,3
GZH9,23:20:37,16651.5000,2
GZH9,23:20:37,16978.0000,3
GZH9,23:20:37,17141.2500,2
GZH9,23:20:37,16325.0000,2
GZH9,23:20:41,15835.2500,1
GZH9,23:20:41,16651.5000,1
GZH9,23:20:47,15836.2200,1
GZH9,23:20:47,16162.7400,1
GZH9,23:20:47,16326.0000,1
GZH9,23:20:48,16815.7800,1
GZH9,23:20:48,16326.0000,1
GZH9,23:20:52,16493.3000,1
GZH9,23:20:53,17143.3500,4
GZH9,23:20:53,16980.0800,1
GZH9,23:20:53,16816.8100,2
GZH9,23:20:53,16979.0400,2
GZH9,23:20:53,15999.4800,1
GZH9,23:20:53,16815.7800,2
GZH9,23:20:53,16162.7400,3
GZH9,23:20:54,16162.7400,2
GZH9,23:20:57,15676.8000,1
GZH9,23:20:57,15676.8000,1
GZH9,23:20:57,15840.1000,4
GZH9,23:20:57,16656.6000,2
GZH9,23:20:57,16656.6000,4
GZH9,23:20:57,16003.4000,1
GZH9,23:20:57,15512.5500,4
GZH9,23:20:57,16002.4200,1
GZH9,23:20:57,16163.7300,2
GZH9,23:20:57,16653.5400,2
GZH9,23:20:57,16163.7300,6
GZH9,23:21:03,16330.0000,1
GZH9,23:21:05,16983.2000,3
GZH9,23:21:05,16819.9000,3
GZH9,23:21:05,17146.5000,3
GZH9,23:21:56,15839.1300,2
GZH9,23:21:57,16166.7000,3
GZH9,23:21:58,15839.1300,1
GZH9,23:21:58,16982.1600,1
GZH9,23:21:58,16329.0000,2
GZH9,23:22:00,15675.8400,2
GZH9,23:22:02,17145.4500,2
GZH9,23:22:05,16329.0000,2
GZH9,23:22:05,16818.8700,1
GZH9,23:22:05,16492.2900,1
GZH9,23:22:39,16492.2900,2
GZH9,23:22:41,15839.1300,1
GZH9,23:22:41,16002.4200,1
GZH9,23:23:14,16001.4400,1
GZH9,23:23:32,16164.7200,1
GZH9,23:23:36,16655.5800,1
GZH9,23:24:54,16001.4400,1
GZH9,23:24:54,15674.8800,1
GZH9,23:24:54,15510.6500,1
GZH9,23:24:54,15672.9600,1
GZH9,23:24:54,15672.0000,1
GZH9,23:25:10,16656.6000,1
GZH9,23:25:15,16330.0000,1
GZH9,23:25:16,15840.1000,1
GZH9,23:25:26,16657.6200,1
GZH9,23:25:26,17148.6000,1
GZH9,23:25:26,16006.3400,1
GZH9,23:25:26,15843.0100,3
GZH9,23:25:27,15843.0100,1
GZH9,23:25:27,16169.6700,1
GZH9,23:25:27,15516.3500,1
GZH9,23:25:27,15843.0100,2
GZH9,23:25:27,17149.6500,1
GZH9,23:25:28,15843.9800,1
GZH9,23:26:01,16822.9900,1
GZH9,23:26:01,16496.3300,1
GZH9,23:26:01,15679.6800,1
GZH9,23:26:07,16822.9900,1
GZH9,23:26:07,16169.6700,1
GZH9,23:27:20,17148.6000,1
GZH9,23:27:20,16332.0000,1
GZH9,23:27:20,16494.3100,1
GZH9,23:27:37,16656.6000,1
GZH9,23:27:59,17146.5000,1
GZH9,23:27:59,15676.8000,1
GZH9,23:28:17,15512.5500,1
GZH9,23:28:17,16165.7100,1
GZH9,23:28:17,16817.8400,1
GZH9,23:28:17,15511.6000,1
GZH9,23:28:30,15837.1900,1
GZH9,23:28:30,16163.7300,1
GZH9,23:28:31,15999.4800,1
GZH9,23:28:31,16326.0000,1
GZH9,23:28:33,16651.5000,1
GZH9,23:28:40,16328.0000,1
GZH9,23:28:47,15832.3400,2
GZH9,23:28:48,16158.7800,1
GZH9,23:28:59,15671.0400,1
GZH9,23:29:07,15506.8500,1
GZH9,23:29:07,17138.1000,3
GZH9,23:29:07,15505.9000,2
GZH9,23:29:08,15998.5000,1
GZH9,23:29:28,15835.2500,1
GZH9,23:30:27,16159.7700,1
GZH9,23:30:31,16648.4400,1
GZH9,23:30:31,16974.8800,1
GZH9,23:30:34,15505.9000,1
GZH9,23:31:52,15996.5400,3
GZH9,23:32:21,17141.2500,1
GZH9,23:32:30,15672.0000,1
GZH9,23:32:37,16162.7400,1
GZH9,23:32:37,17142.3000,1
GZH9,23:32:43,16815.7800,1
GZH9,23:33:01,15672.9600,1
GZH9,23:33:04,15836.2200,1
GZH9,23:33:04,16489.2600,1
GZH9,23:33:05,15999.4800,1
GZH9,23:33:15,15672.0000,1
GZH9,23:33:20,16325.0000,1
GZH9,23:34:29,15999.4800,1
GZH9,23:36:08,16813.7200,1
GZH9,23:36:08,16813.7200,4
GZH9,23:36:08,16486.2300,1
GZH9,23:36:08,16812.6900,1
GZH9,23:36:08,15995.5600,1
GZH9,23:36:08,16485.2200,6
GZH9,23:36:08,16811.6600,4
GZH9,23:36:10,15831.3700,2
GZH9,23:36:10,15504.9500,3
GZH9,23:36:11,16484.2100,7
GZH9,23:36:11,15831.3700,13
GZH9,23:36:13,15668.1600,15
GZH9,23:36:13,16156.8000,2
GZH9,23:36:13,16646.4000,2
GZH9,23:36:13,16972.8000,1
GZH9,23:36:13,15667.2000,13
GZH9,23:36:13,15667.2000,1
GZH9,23:36:13,16156.8000,7
GZH9,23:36:13,15993.6000,7
GZH9,23:36:13,16155.8100,2
GZH9,23:36:13,16155.8100,3
GZH9,23:36:13,15665.2800,2
GZH9,23:36:14,15501.1500,1
GZH9,23:36:15,16645.3800,1
GZH9,23:36:15,16807.5400,1
GZH9,23:36:15,15991.6400,1
GZH9,23:36:15,15991.6400,4
GZH9,23:36:15,16317.0000,5
GZH9,23:36:15,16643.3400,1
GZH9,23:36:15,17132.8500,5
GZH9,23:36:15,16153.8300,2
GZH9,23:36:15,16643.3400,5
GZH9,23:36:17,16641.3000,1
GZH9,23:36:17,15662.4000,7
GZH9,23:36:18,16314.0000,4
GZH9,23:36:18,16641.3000,3
GZH9,23:36:18,15825.5500,17
GZH9,23:36:18,15988.7000,2
GZH9,23:36:18,16151.8500,3
GZH9,23:36:18,15825.5500,20
GZH9,23:36:18,17130.7500,2
GZH9,23:36:21,16484.2100,1
GZH9,23:36:25,17129.7000,1
GZH9,23:36:25,15987.7200,4
GZH9,23:36:25,15986.7400,1
GZH9,23:36:25,15661.4400,23
GZH9,23:36:25,15987.7200,3
GZH9,23:37:13,16316.0000,4
GZH9,23:37:14,16968.6400,4
GZH9,23:37:22,17134.9500,3
GZH9,23:37:40,15991.6400,2
GZH9,23:38:16,17131.8000,4
GZH9,23:38:16,16151.8500,3
GZH9,23:38:19,17130.7500,2
GZH9,23:38:19,17129.7000,4
GZH9,23:38:19,16802.3900,4
GZH9,23:38:19,17127.6000,52
GZH9,23:38:19,16312.0000,5
GZH9,23:38:19,17127.6000,5
GZH9,23:38:19,16312.0000,1
GZH9,23:38:19,17127.6000,9
GZH9,23:38:19,15822.6400,6
GZH9,23:38:19,17127.6000,1
GZH9,23:38:22,15984.7800,4
GZH9,23:38:22,16311.0000,1
GZH9,23:38:22,16799.3000,1
GZH9,23:38:22,16799.3000,1
GZH9,23:38:24,16145.9100,1
GZH9,23:38:24,15982.8200,1
GZH9,23:38:25,16958.2400,3
GZH9,23:38:25,16632.1200,4
GZH9,23:38:25,15653.7600,1
GZH9,23:38:25,16632.1200,1
GZH9,23:38:25,16306.0000,1
GZH9,23:38:25,15816.8200,1
GZH9,23:38:25,16469.0600,17
GZH9,23:38:25,16632.1200,4
GZH9,23:38:25,16795.1800,37
GZH9,23:38:25,16795.1800,9
GZH9,23:38:25,15816.8200,9
GZH9,23:38:25,16632.1200,7
GZH9,23:38:25,15816.8200,7
GZH9,23:38:25,17121.3000,4
GZH9,23:38:25,15653.7600,1
GZH9,23:38:25,16141.9500,1
GZH9,23:38:25,15978.9000,11
GZH9,23:38:25,16302.0000,1
GZH9,23:38:28,16790.0300,2
GZH9,23:38:28,16626.0000,1
GZH9,23:38:28,16137.0000,1
GZH9,23:38:28,16789.0000,2
GZH9,23:38:28,17115.0000,3
GZH9,23:38:28,15811.0000,6
GZH9,23:38:28,15648.9600,7
GZH9,23:38:28,16301.0000,13
GZH9,23:38:28,16464.0100,15
GZH9,23:38:28,15811.9700,14
GZH9,23:38:28,16301.0000,16
GZH9,23:38:28,16301.0000,12
GZH9,23:38:28,15485.9500,9
GZH9,23:38:28,16953.0400,7
GZH9,23:38:48,16312.0000,1
GZH9,23:38:48,17128.6500,1
GZH9,23:38:48,15823.6100,1
GZH9,23:38:48,15823.6100,2
GZH9,23:38:53,16963.4400,1
GZH9,23:38:53,16638.2400,3
GZH9,23:39:13,16963.4400,1
GZH9,23:39:42,15986.7400,1
GZH9,23:39:46,16802.3900,1
GZH9,23:39:59,16470.0700,1
GZH9,23:40:12,15983.8000,1
GZH9,23:40:46,16802.3900,4
GZH9,23:40:46,17128.6500,1
GZH9,23:40:46,17129.7000,1
GZH9,23:40:46,16150.8600,1
GZH9,23:40:46,15498.3000,1
GZH9,23:40:46,15661.4400,1
GZH9,23:40:46,16150.8600,1
GZH9,23:40:57,16641.3000,1
GZH9,23:41:23,16809.6000,1
GZH9,23:41:23,17136.0000,1
GZH9,23:41:23,16483.2000,1
GZH9,23:41:23,17141.2500,1
GZH9,23:41:23,16162.7400,2
GZH9,23:41:23,16980.0800,5
GZH9,23:41:23,16327.0000,9
GZH9,23:41:23,16816.8100,1
GZH9,23:41:23,17139.1500,1
GZH9,23:41:23,15837.1900,1
GZH9,23:41:23,17143.3500,1
GZH9,23:41:23,16490.2700,1
GZH9,23:41:23,16653.5400,1
GZH9,23:41:23,16653.5400,1
GZH9,23:41:23,16816.8100,1
GZH9,23:41:26,15494.5000,1
GZH9,23:42:31,17137.0500,1
GZH9,23:42:31,15994.5800,1
GZH9,23:42:53,16803.4200,1
GZH9,23:42:53,16966.5600,1
GZH9,23:42:58,16978.0000,1
GZH9,23:42:58,16814.7500,1
GZH9,23:43:09,15499.2500,1
GZH9,23:43:09,15662.4000,1
GZH9,23:43:09,16151.8500,1
GZH9,23:43:09,15825.5500,1
GZH9,23:43:09,15988.7000,1
GZH9,23:43:09,16478.1500,1
GZH9,23:43:09,17130.7500,1
GZH9,23:43:09,15499.2500,1
GZH9,23:43:09,15821.6700,4
GZH9,23:43:09,16474.1100,1
GZH9,23:43:09,17125.5000,1
GZH9,23:43:12,16309.0000,1
GZH9,23:43:12,15981.8400,10
GZH9,23:43:21,16646.4000,1
GZH9,23:43:21,16972.8000,1
GZH9,23:43:26,16156.8000,1
GZH9,23:43:26,15505.9000,1
GZH9,23:43:27,16156.8000,1
GZH9,23:43:27,15505.9000,1
GZH9,23:43:28,16646.4000,1
GZH9,23:43:28,17137.0500,1
GZH9,23:43:28,15993.6000,1
GZH9,23:43:28,15993.6000,1
GZH9,23:43:28,16483.2000,1
GZH9,23:43:28,17136.0000,1
GZH9,23:43:28,15831.3700,1
GZH9,23:43:31,15671.0400,1
GZH9,23:43:31,15508.7500,1
GZH9,23:43:33,16488.2500,1
GZH9,23:43:33,16488.2500,1
GZH9,23:43:40,16965.5200,2
GZH9,23:43:40,16639.2600,1
GZH9,23:43:48,16321.0000,1
GZH9,23:43:48,15994.5800,1
GZH9,23:43:48,17137.0500,1
GZH9,23:43:48,16158.7800,1
GZH9,23:43:48,17137.0500,2
GZH9,23:43:48,15504.9500,2
GZH9,23:43:48,16157.7900,1
GZH9,23:43:48,15834.2800,2
GZH9,23:43:48,15672.0000,1
GZH9,23:43:51,16650.4800,1
GZH9,23:43:51,16651.5000,1
GZH9,23:43:51,16978.0000,3
GZH9,23:43:51,15672.0000,2
GZH9,23:43:51,16325.0000,2
GZH9,23:43:51,15672.0000,3
GZH9,23:43:51,16815.7800,1
GZH9,23:43:51,15837.1900,1
GZH9,23:43:51,15661.4400,2
GZH9,23:43:51,16477.1400,1
GZH9,23:44:01,15995.5600,1
GZH9,23:44:01,16811.6600,1
GZH9,23:44:01,15996.5400,1
GZH9,23:44:01,16159.7700,1
GZH9,23:44:01,15998.5000,2
GZH9,23:44:01,16815.7800,1
GZH9,23:44:01,16980.0800,4
GZH9,23:44:01,16163.7300,5
GZH9,23:44:01,15511.6000,1
GZH9,23:44:01,16655.5800,3
GZH9,23:44:07,16317.0000,2
GZH9,23:44:07,15827.4900,1
GZH9,23:44:07,16479.1600,1
GZH9,23:44:07,17143.3500,2
GZH9,23:44:07,15838.1600,3
GZH9,23:44:07,16643.3400,1
GZH9,23:44:07,16316.0000,1
GZH9,23:44:07,15989.6800,1
GZH9,23:44:08,16153.8300,1
GZH9,23:44:08,16315.0000,1
GZH9,23:44:08,15825.5500,1
GZH9,23:44:08,16490.2700,2
GZH9,23:44:08,16816.8100,1
GZH9,23:44:09,16163.7300,1
GZH9,23:44:09,16981.1200,2
GZH9,23:44:09,16981.1200,1
GZH9,23:44:09,15511.6000,1
GZH9,23:44:09,15512.5500,1
GZH9,23:44:13,15503.0500,2
GZH9,23:44:13,16808.5700,1
GZH9,23:44:13,15503.0500,1
GZH9,23:44:13,16318.0000,2
GZH9,23:44:13,15666.2400,1
GZH9,23:44:13,16644.3600,1
GZH9,23:44:13,16480.1700,1
GZH9,23:44:32,16647.4200,1
GZH9,23:44:32,15831.3700,1
GZH9,23:44:32,16321.0000,1
GZH9,23:44:32,16484.2100,1
GZH9,23:44:32,16484.2100,1
GZH9,23:44:33,15831.3700,1
GZH9,23:45:31,15996.5400,1
GZH9,23:45:31,17139.1500,1
GZH9,23:45:32,15507.8000,1
GZH9,23:45:32,16978.0000,1
GZH9,23:45:32,15508.7500,1
GZH9,23:45:32,17141.2500,1
GZH9,23:45:32,16654.5600,1
GZH9,23:45:32,16161.7500,1
GZH9,23:45:32,16164.7200,1
GZH9,23:45:32,16981.1200,1
GZH9,23:45:32,16817.8400,1
GZH9,23:46:25,15995.5600,2
GZH9,23:46:25,16322.0000,5
GZH9,23:46:25,16648.4400,1
GZH9,23:46:25,16974.8800,2
GZH9,23:46:27,16164.7200,1
GZH9,23:46:42,16000.4600,1
GZH9,23:46:42,15510.6500,1
GZH9,23:46:42,16653.5400,1
GZH9,23:46:52,16981.1200,5
GZH9,23:46:52,15674.8800,1
GZH9,23:46:52,16164.7200,2
GZH9,23:46:52,17145.4500,6
GZH9,23:46:52,16166.7000,1
GZH9,23:46:52,15513.5000,7
GZH9,23:46:52,16493.3000,2
GZH9,23:46:56,15999.4800,1
GZH9,23:47:03,16489.2600,1
GZH9,23:47:06,16161.7500,1
GZH9,23:47:08,16487.2400,1
GZH9,23:47:12,16650.4800,4
GZH9,23:47:12,15507.8000,1
GZH9,23:47:12,16322.0000,1
GZH9,23:47:13,15832.3400,6
GZH9,23:48:46,15674.8800,2
GZH9,23:48:53,16329.0000,1
GZH9,23:49:02,15832.3400,4
GZH9,23:49:07,16321.0000,2
GZH9,23:49:11,15994.5800,1
GZH9,23:49:14,16649.4600,1
GZH9,23:49:14,16159.7700,1
GZH9,23:49:26,16648.4400,1
GZH9,23:49:26,16484.2100,1
GZH9,23:49:35,16813.7200,1
GZH9,23:49:35,16978.0000,1
GZH9,23:49:50,16157.7900,1
GZH9,23:49:59,15510.6500,1
GZH9,23:49:59,16817.8400,1
GZH9,23:49:59,16982.1600,4
GZH9,10:00:00,16008.3000,1
GZH9,10:00:00,16988.4000,1
GZH9,10:00:00,17151.7500,1
GZH9,10:00:00,16828.1400,1
GZH9,10:00:00,15688.3200,2
GZH9,10:00:00,15527.7500,5
GZH9,10:00:00,16347.0000,4
GZH9,10:00:00,16183.5300,5
GZH9,10:00:00,16171.6500,2
GZH9,10:00:00,15693.1200,1
GZH9,10:00:00,16349.0000,1
GZH9,10:00:00,15696.0000,1
GZH9,10:00:00,15696.0000,2
GZH9,10:00:00,16350.0000,2
GZH9,10:00:00,16842.5600,3
GZH9,10:00:00,16843.5900,7
GZH9,10:00:00,16189.4700,3
GZH9,10:00:00,16356.0000,1
GZH9,10:00:00,15869.2000,1
GZH9,10:00:01,15542.9500,1
GZH9,10:00:01,16690.2600,2
GZH9,10:00:01,17005.0400,4
GZH9,10:00:01,16186.5000,1
GZH9,10:00:01,16526.6300,2
GZH9,10:00:01,16035.7400,1
GZH9,10:00:01,16023.0000,5
GZH9,10:00:01,16364.0000,1
GZH9,10:00:01,16694.3400,4
GZH9,10:00:01,15712.3200,1
GZH9,10:00:01,17021.6800,1
GZH9,10:00:01,15548.6500,7
GZH9,10:00:01,17021.6800,6
GZH9,10:00:01,17185.3500,7
GZH9,10:00:01,17012.3200,1
GZH9,10:00:01,15877.9300,5
GZH9,10:00:01,15877.9300,10
GZH9,10:00:01,15551.5000,3
GZH9,10:00:01,16370.0000,2
GZH9,10:00:01,16206.3000,5
GZH9,10:00:01,17026.8800,1
GZH9,10:00:01,17027.9200,5
GZH9,10:00:01,16700.4600,13
GZH9,10:00:01,17191.6500,2
GZH9,10:00:01,15881.8100,2
