SECID,TRADETIME,PRICE,QUANTITY
HYH9,19:06:44,5384.4000,4
HYH9,19:06:44,5383.3500,1
HYH9,19:06:44,5071.7700,3
HYH9,19:06:44,5017.6000,1
HYH9,19:06:44,4861.1500,5
HYH9,19:07:02,5377.0500,4
HYH9,19:07:02,5121.0000,10
HYH9,19:07:02,4915.2000,5
HYH9,19:07:02,5270.5100,5
HYH9,19:07:02,5369.7000,4
HYH9,19:07:02,5114.0000,25
HYH9,19:08:11,5069.7900,19
HYH9,19:08:30,5274.6300,19
HYH9,19:10:46,5281.8400,5
HYH9,19:11:11,5384.4000,1
HYH9,19:12:54,4916.1600,1
HYH9,19:14:15,5278.7500,5
HYH9,19:14:15,5022.5000,1
HYH9,19:14:15,5125.0000,2
HYH9,19:14:15,5177.2600,4
HYH9,19:14:15,5382.3000,4
HYH9,19:14:15,4973.1900,10
HYH9,19:14:15,5127.0000,3
HYH9,19:19:09,5279.7800,5
HYH9,19:19:29,5127.0000,5
HYH9,19:44:19,5076.7200,1
HYH9,19:49:45,5029.3600,2
HYH9,19:50:55,5080.6800,1
HYH9,19:51:08,5285.9600,1
HYH9,19:51:17,5184.3300,1
HYH9,19:52:31,5081.6700,10
HYH9,19:52:31,5080.6800,1
HYH9,20:31:28,5391.7500,1
HYH9,20:35:24,5135.0000,1
HYH9,20:56:01,4869.7000,1
HYH9,21:09:34,5135.0000,1
HYH9,21:14:24,4878.2500,4
HYH9,21:14:24,5083.6500,3
HYH9,21:34:40,5231.5800,3
HYH9,21:36:07,5231.5800,4
HYH9,21:43:02,4974.1600,7
HYH9,21:50:08,5135.0000,5
HYH9,22:18:19,5032.3000,2
HYH9,22:26:30,4875.4000,3
HYH9,22:29:59,5285.9600,6
HYH9,22:34:37,4876.3500,1
HYH9,22:34:37,4932.4800,4
HYH9,22:51:06,4924.8000,10
HYH9,23:36:37,4882.0500,1
HYH9,23:48:38,5289.0500,1
HYH9,23:48:39,4933.4400,1
HYH9,10:00:02,4885.8500,83
HYH9,10:00:05,5297.2900,2
HYH9,10:00:05,5091.5700,11
HYH9,10:00:05,4937.2800,2
HYH9,10:00:12,5194.4300,10
HYH9,10:00:13,5400.1500,5
HYH9,10:00:13,5297.2900,5
HYH9,10:00:13,4885.8500,5
HYH9,10:00:13,5297.2900,1
HYH9,10:00:15,5143.0000,1
HYH9,10:00:15,5040.1400,2
HYH9,10:00:15,4988.7100,2
HYH9,10:00:15,4937.2800,2
HYH9,10:00:15,5148.0000,5
HYH9,10:00:55,5250.9600,1
HYH9,10:00:55,5406.4500,2
HYH9,10:01:17,4896.3000,1
HYH9,10:01:17,5207.5600,2
HYH9,10:01:18,5158.0000,3
HYH9,10:01:22,4899.1500,1
HYH9,10:02:18,4900.1000,12
HYH9,10:02:43,5052.8800,1
HYH9,10:02:43,5415.9000,6
HYH9,10:02:50,5416.9500,3
HYH9,10:02:50,5107.4100,12
HYH9,10:03:03,4952.6400,9
HYH9,10:03:19,4950.7200,1
HYH9,10:03:40,5104.4400,1
HYH9,10:03:46,5361.2000,1
HYH9,10:03:46,5155.0000,5
HYH9,10:03:46,5155.0000,14
HYH9,10:03:46,4999.3800,2
HYH9,10:04:36,5309.6500,7
HYH9,10:04:36,5051.9000,2
HYH9,10:04:36,4948.8000,4
HYH9,10:04:36,5051.9000,1
HYH9,10:04:36,5309.6500,1
HYH9,10:04:36,5000.3500,2
HYH9,10:04:36,5412.7500,2
HYH9,10:04:37,5051.9000,5
HYH9,10:04:37,5155.0000,5
HYH9,10:04:37,4948.8000,5
HYH9,10:04:37,5206.5500,5
HYH9,10:04:48,5258.1000,1
HYH9,10:04:49,5155.0000,1
HYH9,10:04:54,5155.0000,1
HYH9,10:05:00,5001.3200,1
HYH9,10:05:00,5413.8000,27
HYH9,10:05:00,5310.6800,4
HYH9,10:05:00,5104.4400,9
HYH9,10:05:00,5413.8000,14
HYH9,10:05:08,5001.3200,1
HYH9,10:05:12,5361.2000,1
HYH9,10:05:29,5103.4500,1
HYH9,10:05:33,5309.6500,4
HYH9,10:05:59,5158.0000,2
HYH9,10:06:05,5312.7400,1
HYH9,10:06:08,5052.8800,2
HYH9,10:06:29,5362.2400,1
HYH9,10:06:32,5052.8800,1
HYH9,10:06:35,5208.5700,2
HYH9,10:06:40,5363.2800,3
HYH9,10:06:40,4899.1500,1
HYH9,10:10:58,5096.5200,1
HYH9,10:12:54,5255.0400,3
HYH9,10:12:54,4945.9200,5
HYH9,10:12:54,5255.0400,10
HYH9,10:13:15,5100.4800,7
HYH9,10:13:15,5203.5200,1
HYH9,10:13:15,5409.6000,2
HYH9,10:13:15,5100.4800,10
HYH9,10:13:15,4894.4000,12
HYH9,10:16:23,5413.8000,10
HYH9,10:18:09,5305.5300,10
HYH9,10:18:09,4996.4700,12
HYH9,10:18:09,5047.9800,6
HYH9,10:18:15,4890.6000,1
HYH9,10:20:11,5303.4700,2
HYH9,10:20:12,4888.7000,1
HYH9,10:23:17,5248.9200,5
HYH9,10:23:17,5403.3000,4
HYH9,10:23:17,4990.6500,1
HYH9,10:24:27,5305.5300,3
HYH9,10:24:27,5305.5300,1
HYH9,10:24:27,5202.5100,4
HYH9,10:24:27,5305.5300,4
HYH9,10:24:27,5357.0400,1
HYH9,10:24:27,5256.0600,3
HYH9,10:24:27,4946.8800,9
HYH9,10:24:27,4897.2500,2
HYH9,10:24:27,5055.8200,1
HYH9,10:24:27,5103.4500,3
HYH9,10:24:27,4902.9500,1
HYH9,10:24:28,5316.8600,1
HYH9,10:24:28,5058.7600,1
HYH9,10:24:55,5210.5900,2
HYH9,10:24:55,5364.3200,3
HYH9,10:24:55,4899.1500,5
HYH9,10:24:55,5413.8000,11
HYH9,10:24:55,5051.9000,9
HYH9,10:25:16,5362.2400,1
HYH9,10:25:25,5206.5500,1
HYH9,10:25:33,5053.8600,1
HYH9,10:26:27,5008.1100,1
HYH9,10:26:27,5214.6300,1
HYH9,10:26:27,5113.3500,4
HYH9,10:26:27,5216.6500,1
HYH9,10:26:27,5061.7000,1
HYH9,10:31:08,4958.4000,1
HYH9,10:31:18,5061.7000,5
HYH9,10:31:18,5371.6000,14
HYH9,10:31:18,4958.4000,3
HYH9,10:32:19,5319.9500,3
HYH9,10:32:23,5216.6500,2
HYH9,10:32:23,5319.9500,1
HYH9,10:32:24,5010.0500,3
HYH9,10:32:28,4958.4000,3
HYH9,10:32:30,5423.2500,3
HYH9,10:32:40,5216.6500,3
HYH9,10:32:44,5165.0000,3
HYH9,10:32:54,5270.3400,3
HYH9,10:32:57,5425.3500,3
HYH9,10:33:00,5425.3500,3
HYH9,10:33:02,5218.6700,3
HYH9,10:33:05,5218.6700,3
HYH9,10:33:07,5167.0000,3
HYH9,10:33:10,4908.6500,3
HYH9,10:33:12,5115.3300,2
HYH9,10:33:12,5167.0000,1
HYH9,10:33:15,4908.6500,3
HYH9,10:33:23,5011.9900,3
HYH9,10:33:26,4908.6500,3
HYH9,10:43:19,5215.6400,1
HYH9,10:43:19,5267.2800,2
HYH9,10:47:32,5207.5600,1
HYH9,10:47:40,5001.3200,3
HYH9,10:47:40,5156.0000,1
HYH9,10:48:37,5002.2900,1
HYH9,10:49:32,4949.7600,1
HYH9,10:49:32,4948.8000,1
HYH9,10:49:32,5102.4600,5
HYH9,10:49:32,4947.8400,3
HYH9,10:50:39,5313.7700,1
HYH9,10:50:39,5005.2000,11
HYH9,10:50:39,5211.6000,3
HYH9,10:50:39,5366.4000,17
HYH9,10:51:21,4953.6000,1
HYH9,10:51:21,5159.0000,2
HYH9,10:51:21,5366.4000,1
HYH9,10:56:15,5308.6200,3
HYH9,10:56:15,5049.9400,1
HYH9,11:02:15,5155.0000,1
HYH9,11:02:15,5207.5600,2
HYH9,11:03:27,5204.5300,22
HYH9,11:03:27,4895.3500,2
HYH9,11:04:14,5000.3500,1
HYH9,11:04:14,5207.5600,10
HYH9,11:04:14,5259.1200,5
HYH9,11:04:14,4899.1500,1
HYH9,11:05:43,4949.7600,1
HYH9,11:07:21,4898.2000,7
HYH9,11:07:21,5052.8800,9
HYH9,11:12:12,5099.4900,3
HYH9,11:14:21,5047.0000,11
HYH9,11:14:21,4943.0400,14
HYH9,11:19:22,5098.5000,1
HYH9,11:19:22,4891.5500,2
HYH9,11:19:35,5304.5000,1
HYH9,11:19:35,5354.9600,1
HYH9,11:19:35,4994.5300,11
HYH9,11:26:25,5048.9600,1
HYH9,11:26:35,4999.3800,9
HYH9,11:29:27,4891.5500,1
HYH9,11:29:34,4891.5500,1
HYH9,11:29:40,4890.6000,1
HYH9,11:29:47,4996.4700,1
HYH9,11:29:49,5199.4800,1
HYH9,11:31:09,5152.0000,2
HYH9,11:31:09,5152.0000,3
HYH9,11:31:23,5250.9600,3
HYH9,11:31:23,4890.6000,5
HYH9,11:31:23,5148.0000,5
HYH9,11:31:23,4993.5600,2
HYH9,11:35:08,5097.5100,1
HYH9,11:35:44,4994.5300,1
HYH9,11:35:44,4942.0800,1
HYH9,11:41:48,4994.5300,1
HYH9,11:43:57,4992.5900,5
HYH9,11:43:58,5198.4700,6
HYH9,11:45:18,4993.5600,1
HYH9,11:48:00,5353.9200,1
HYH9,11:50:31,5249.9400,1
HYH9,11:52:05,4940.1600,1
HYH9,11:52:05,4990.6500,1
HYH9,11:52:05,5093.5500,4
HYH9,11:52:11,5248.9200,10
HYH9,11:54:21,5094.5400,1
HYH9,11:54:21,5042.1000,4
HYH9,11:54:21,4937.2800,2
HYH9,11:54:21,5040.1400,3
HYH9,11:54:28,5353.9200,1
HYH9,11:54:28,4995.5000,1
HYH9,11:57:19,5196.4500,1
HYH9,12:01:58,5150.0000,10
HYH9,12:01:58,5253.0000,1
HYH9,12:07:45,4934.4000,2
HYH9,12:07:56,5146.0000,1
HYH9,12:21:39,4994.5300,1
HYH9,12:23:03,4937.2800,2
HYH9,12:24:02,5399.1000,1
HYH9,12:30:01,5193.4200,1
HYH9,12:30:01,5243.8200,9
HYH9,12:30:59,5193.4200,1
HYH9,12:30:59,5142.0000,1
HYH9,12:30:59,5089.5900,9
HYH9,12:30:59,5242.8000,1
HYH9,12:30:59,5345.6000,2
HYH9,12:33:27,5392.8000,1
HYH9,12:33:27,5289.0500,1
HYH9,12:33:27,4878.2500,8
HYH9,12:38:28,4874.4500,4
HYH9,12:38:28,5283.9000,10
HYH9,12:38:28,5386.5000,5
HYH9,12:38:37,5386.5000,1
HYH9,12:39:41,5233.6200,1
HYH9,12:40:00,5131.0000,1
HYH9,12:40:00,5025.4400,4
HYH9,12:40:00,4974.1600,5
HYH9,12:43:24,5179.2800,5
HYH9,12:47:39,5283.9000,1
HYH9,12:48:27,5181.3000,1
HYH9,12:48:35,5130.0000,10
HYH9,12:49:31,5333.1200,1
HYH9,12:49:31,5229.5400,1
HYH9,12:49:40,4973.1900,1
HYH9,12:49:40,5024.4600,12
HYH9,12:49:40,5075.7300,3
HYH9,12:49:40,5280.8100,4
HYH9,12:50:00,5178.2700,10
HYH9,12:52:52,5383.3500,7
HYH9,12:54:21,5233.6200,10
HYH9,12:54:21,4978.0400,4
HYH9,12:55:28,5341.4400,1
HYH9,12:55:58,5241.7800,1
HYH9,12:56:00,5393.8500,1
HYH9,12:58:52,5342.4800,10
HYH9,13:01:16,4982.8900,14
HYH9,13:14:13,5241.7800,20
HYH9,13:16:00,4880.1500,1
HYH9,13:19:52,4882.0500,1
HYH9,13:19:52,4984.8300,2
HYH9,13:21:49,5139.0000,1
HYH9,13:21:49,4882.0500,10
HYH9,13:21:49,4883.0000,10
HYH9,13:21:49,4883.0000,2
HYH9,13:21:49,5037.2000,34
HYH9,13:21:49,4883.0000,23
HYH9,13:30:30,5091.5700,7
HYH9,13:30:30,5040.1400,2
HYH9,13:30:30,5143.0000,2
HYH9,13:30:30,5247.9000,2
HYH9,13:31:39,4938.2400,1
HYH9,13:38:38,5038.1800,1
HYH9,13:38:38,4935.3600,10
HYH9,13:45:39,4989.6800,1
HYH9,13:45:48,5347.6800,12
HYH9,13:45:48,4883.9500,1
HYH9,13:50:42,4937.2800,2
HYH9,13:50:42,5400.1500,8
HYH9,13:50:42,5091.5700,10
HYH9,13:50:42,5297.2900,1
HYH9,13:50:42,5297.2900,3
HYH9,13:51:48,5040.1400,1
HYH9,13:52:12,5039.1600,1
HYH9,13:52:29,4986.7700,1
HYH9,13:52:29,4986.7700,1
HYH9,13:57:01,5242.8000,2
HYH9,13:57:01,5088.6000,1
HYH9,13:57:01,5037.2000,20
HYH9,13:59:00,4880.1500,2
HYH9,13:59:00,5188.3700,2
HYH9,13:59:00,5291.1100,8
HYH9,14:09:34,4874.4500,2
HYH9,14:10:00,5388.6000,1
HYH9,14:11:14,5342.4800,3
HYH9,14:11:16,5296.2600,1
HYH9,14:11:44,4989.6800,3
HYH9,14:11:45,4989.6800,12
HYH9,14:12:20,4986.7700,1
HYH9,14:12:37,5140.0000,1
HYH9,14:13:23,4933.4400,1
HYH9,14:13:44,5139.0000,1
HYH9,14:14:17,5034.2600,5
HYH9,14:14:17,4879.2000,5
HYH9,14:14:17,5186.3500,4
HYH9,14:14:17,4979.9800,20
HYH9,14:14:17,5185.3400,4
HYH9,14:14:17,4877.3000,5
HYH9,14:14:17,5031.3200,5
HYH9,14:14:17,4928.6400,2
HYH9,14:19:08,4988.7100,1
HYH9,14:27:25,5142.0000,1
HYH9,14:27:25,4988.7100,4
HYH9,14:27:25,5145.0000,1
HYH9,14:27:25,4939.2000,1
HYH9,14:27:25,5093.5500,2
HYH9,14:27:25,5043.0800,1
HYH9,14:27:26,5353.9200,1
HYH9,14:27:26,5045.0400,13
HYH9,14:28:03,5302.4400,1
HYH9,14:28:03,5151.0000,1
HYH9,14:28:03,4944.9600,9
HYH9,14:28:03,5303.4700,1
HYH9,14:28:05,5149.0000,3
HYH9,14:28:12,5255.0400,9
HYH9,14:28:36,5408.5500,1
HYH9,14:28:36,5151.0000,14
HYH9,14:28:36,5357.0400,22
HYH9,14:28:36,5046.0200,1
HYH9,14:29:15,5255.0400,4
HYH9,14:29:15,5100.4800,4
HYH9,14:29:15,5307.5900,13
HYH9,14:29:15,5307.5900,10
HYH9,14:30:15,5306.5600,1
HYH9,14:30:15,5255.0400,4
HYH9,14:30:16,4895.3500,1
HYH9,14:30:45,5409.6000,1
HYH9,14:31:19,4998.4100,11
HYH9,14:31:19,4895.3500,1
HYH9,14:31:19,5307.5900,4
HYH9,14:31:19,5101.4700,4
HYH9,14:31:19,4999.3800,2
HYH9,14:31:19,5360.1600,4
HYH9,14:32:04,5203.5200,1
HYH9,14:32:41,5255.0400,16
HYH9,14:33:17,4946.8800,6
HYH9,14:33:39,5309.6500,1
HYH9,14:33:39,4948.8000,1
HYH9,14:33:41,5310.6800,20
HYH9,14:33:41,5413.8000,3
HYH9,14:33:49,4898.2000,8
HYH9,14:33:52,5366.4000,5
HYH9,14:33:52,5109.3900,22
HYH9,14:35:09,5312.7400,1
HYH9,14:36:31,4948.8000,1
HYH9,14:36:43,5364.3200,1
HYH9,14:36:45,5158.0000,20
HYH9,14:38:38,4898.2000,10
HYH9,14:38:38,5315.8300,1
HYH9,14:38:38,4902.9500,5
HYH9,14:38:38,5264.2200,1
HYH9,14:38:38,5419.0500,1
HYH9,14:38:38,5006.1700,1
HYH9,14:38:38,5006.1700,2
HYH9,14:38:38,5315.8300,10
HYH9,14:38:41,5159.0000,20
HYH9,14:38:55,4998.4100,1
HYH9,14:39:03,5101.4700,20
HYH9,14:48:02,5200.4900,1
HYH9,14:48:02,4890.6000,1
HYH9,15:00:55,5048.9600,1
HYH9,15:00:55,5153.0000,1
HYH9,15:01:17,4942.0800,10
HYH9,15:02:49,4890.6000,1
HYH9,15:20:21,5251.9800,2
HYH9,15:29:43,5045.0400,20
HYH9,15:29:43,4890.6000,20
HYH9,15:29:43,5353.9200,5
HYH9,15:29:43,5199.4800,5
HYH9,15:33:58,5410.6500,1
HYH9,15:34:21,5159.0000,1
HYH9,15:34:50,4947.8400,1
HYH9,15:36:42,5004.2300,20
HYH9,15:36:42,5259.1200,1
HYH9,15:36:42,5259.1200,1
HYH9,15:37:03,5415.9000,20
HYH9,15:37:04,5415.9000,2
HYH9,15:37:04,5003.2600,18
HYH9,15:39:58,5261.1600,1
HYH9,15:43:38,5203.5200,20
HYH9,15:46:34,5097.5100,1
HYH9,15:47:02,4995.5000,1
HYH9,15:47:02,5098.5000,10
HYH9,15:47:02,4996.4700,3
HYH9,15:47:02,4944.9600,4
HYH9,15:47:02,5202.5100,2
HYH9,15:48:18,5149.0000,1
HYH9,15:51:40,5300.3800,10
HYH9,16:01:03,4942.0800,14
HYH9,16:01:03,5353.9200,5
HYH9,16:02:17,4888.7000,1
HYH9,16:02:19,5249.9400,1
HYH9,16:03:43,5401.2000,10
HYH9,16:04:38,5298.3200,1
HYH9,16:04:48,5042.1000,1
HYH9,16:04:48,5093.5500,6
HYH9,16:25:53,5356.0000,1
HYH9,16:26:03,5406.4500,1
HYH9,16:26:23,5198.4700,1
HYH9,16:27:30,5408.5500,1
HYH9,16:33:37,5102.4600,15
HYH9,16:34:00,5050.9200,1
HYH9,16:34:00,4893.4500,12
HYH9,16:39:54,5203.5200,2
HYH9,16:39:54,5203.5200,12
HYH9,16:39:54,5306.5600,5
HYH9,16:39:54,5152.0000,1
HYH9,16:39:54,5409.6000,3
HYH9,16:39:54,5152.0000,1
HYH9,16:55:32,5258.1000,1
HYH9,16:56:01,5101.4700,1
HYH9,16:56:01,5358.0800,9
HYH9,16:56:01,4894.4000,10
HYH9,17:04:54,5156.0000,1
HYH9,17:04:54,5156.0000,6
HYH9,17:04:58,5151.0000,1
HYH9,17:04:58,5099.4900,5
HYH9,17:04:58,5253.0000,4
HYH9,17:07:34,5258.1000,1
HYH9,17:15:24,4995.5000,5
HYH9,17:27:49,5199.4800,1
HYH9,17:27:49,4993.5600,10
HYH9,17:27:53,5200.4900,1
HYH9,17:32:48,5094.5400,1
HYH9,17:32:48,5350.8000,1
HYH9,17:32:48,5040.1400,1
HYH9,17:33:02,4989.6800,1
HYH9,17:43:21,5200.4900,2
HYH9,17:43:40,5149.0000,10
HYH9,17:44:23,5353.9200,1
HYH9,17:50:05,5251.9800,1
HYH9,18:11:37,5198.4700,1
HYH9,18:11:37,5299.3500,6
HYH9,18:11:37,5040.1400,10
HYH9,18:15:22,5091.5700,1
HYH9,18:15:22,4885.8500,2
HYH9,18:15:22,5143.0000,1
HYH9,18:15:22,5143.0000,2
HYH9,18:15:22,4987.7400,4
HYH9,18:15:22,5347.6800,6
HYH9,18:15:22,5399.1000,2
HYH9,18:16:12,5245.8600,1
HYH9,18:20:25,5196.4500,1
HYH9,18:23:47,5140.0000,6
HYH9,18:23:47,5344.5600,4
HYH9,18:23:47,5087.6100,6
HYH9,18:23:47,5036.2200,4
HYH9,18:24:38,5297.2900,2
HYH9,18:24:38,4937.2800,1
HYH9,18:24:38,5245.8600,1
HYH9,18:24:38,4937.2800,2
HYH9,18:24:38,5400.1500,1
HYH9,18:24:38,5245.8600,1
HYH9,18:24:38,5040.1400,1
HYH9,18:24:38,5348.7200,3
HYH9,18:24:38,5040.1400,4
HYH9,18:30:37,5194.4300,1
HYH9,18:34:07,5096.5200,2
HYH9,18:35:00,4889.6500,1
HYH9,18:35:00,4941.1200,2
HYH9,18:35:00,5044.0600,1
HYH9,18:35:00,4888.7000,4
HYH9,18:35:00,5094.5400,10
HYH9,18:36:08,5297.2900,20
HYH9,18:36:08,5091.5700,5
HYH9,18:37:00,5352.8800,3
HYH9,18:39:20,5250.9600,2
HYH9,18:39:20,5096.5200,1
HYH9,18:39:23,5199.4800,1
HYH9,18:39:23,5353.9200,2
HYH9,18:39:23,4942.0800,1
HYH9,18:39:48,5405.4000,7
HYH9,18:39:48,5250.9600,3
HYH9,18:39:48,5406.4500,6
HYH9,18:40:07,5149.0000,1
HYH9,19:00:08,5205.5400,3
HYH9,19:04:24,5051.9000,4
HYH9,19:04:25,5310.6800,2
HYH9,19:04:25,5002.2900,3
HYH9,19:26:45,5054.8400,1
HYH9,19:26:45,5209.5800,1
HYH9,19:38:23,5100.4800,1
HYH9,19:38:57,5003.2600,1
HYH9,20:57:29,5415.9000,2
HYH9,21:00:37,5308.6200,2
HYH9,21:00:37,5205.5400,4
HYH9,21:00:37,4998.4100,1
HYH9,21:00:37,4894.4000,1
HYH9,21:00:56,5103.4500,2
HYH9,21:00:56,5152.0000,3
HYH9,21:00:56,4944.0000,4
HYH9,21:00:56,4892.5000,3
HYH9,21:00:56,5250.9600,4
HYH9,21:00:56,5300.3800,4
HYH9,21:00:57,4990.6500,1
HYH9,21:01:57,5250.9600,4
HYH9,21:04:39,5201.5000,1
HYH9,21:04:39,5254.0200,1
HYH9,21:05:05,5204.5300,2
HYH9,21:05:09,5307.5900,1
HYH9,21:05:46,5103.4500,1
HYH9,21:06:59,4892.5000,1
HYH9,21:06:59,5201.5000,3
HYH9,21:06:59,5154.0000,1
HYH9,21:07:06,5105.4300,3
HYH9,21:07:06,5313.7700,4
HYH9,21:07:17,5055.8200,4
HYH9,21:07:17,4902.0000,1
HYH9,21:07:31,4902.0000,1
HYH9,21:07:31,5109.3900,1
HYH9,21:07:35,4902.9500,2
HYH9,21:07:42,5058.7600,2
HYH9,22:14:24,4956.4800,5
HYH9,22:15:44,5008.1100,15
HYH9,22:19:30,5266.2600,4
HYH9,22:26:28,5213.6200,1
HYH9,22:26:37,5006.1700,1
HYH9,22:26:47,5418.0000,1
HYH9,22:48:25,5312.7400,4
HYH9,22:49:07,5362.2400,2
HYH9,22:49:07,5051.9000,3
HYH9,23:14:42,5260.1400,4
HYH9,23:14:42,5157.0000,1
HYH9,23:29:48,5408.5500,1
HYH9,23:39:03,4950.7200,1
HYH9,23:39:03,5157.0000,1
HYH9,10:00:00,5157.0000,18
HYH9,10:00:00,5056.8000,1
HYH9,10:00:00,5418.0000,2
HYH9,10:00:03,5059.7400,1
HYH9,10:00:03,5214.6300,2
HYH9,10:00:05,5105.4300,1
HYH9,10:00:06,5157.0000,1
HYH9,10:02:53,5259.1200,3
HYH9,10:02:53,5000.3500,4
HYH9,10:02:53,4895.3500,1
HYH9,10:03:42,5108.4000,1
HYH9,10:03:45,5157.0000,2
HYH9,10:03:49,5003.2600,1
HYH9,10:03:49,5363.2800,2
HYH9,10:03:49,5414.8500,1
HYH9,10:03:49,5413.8000,10
HYH9,10:03:49,4948.8000,4
HYH9,10:03:49,5103.4500,2
HYH9,10:05:58,4901.0500,1
HYH9,10:07:18,5365.3600,10
HYH9,10:07:18,5156.0000,1
HYH9,10:09:22,5159.0000,1
HYH9,10:10:14,4902.9500,3
HYH9,10:12:50,5266.2600,4
HYH9,10:12:56,5059.7400,1
HYH9,10:13:20,5421.1500,4
HYH9,10:13:25,5421.1500,1
HYH9,10:13:32,4956.4800,1
HYH9,10:13:40,5158.0000,1
HYH9,10:15:19,5363.2800,1
HYH9,10:15:20,5363.2800,1
HYH9,10:15:20,5207.5600,3
HYH9,10:25:04,5357.0400,3
HYH9,10:25:04,4893.4500,3
HYH9,10:25:04,4888.7000,3
HYH9,10:25:04,4885.8500,4
HYH9,10:25:04,5143.0000,1
HYH9,10:25:04,4937.2800,2
HYH9,10:25:04,5348.7200,2
HYH9,10:25:04,4987.7400,2
HYH9,10:25:05,4986.7700,1
HYH9,10:25:05,5398.0500,2
HYH9,10:25:06,4932.4800,3
HYH9,10:25:06,5342.4800,2
HYH9,10:25:06,4928.6400,4
HYH9,10:25:06,5031.3200,4
HYH9,10:25:06,5133.0000,10
HYH9,10:25:06,5030.3400,4
HYH9,10:25:06,5084.6400,3
HYH9,10:25:06,5186.3500,4
HYH9,10:25:06,4877.3000,3
HYH9,10:25:06,5288.0200,3
HYH9,10:25:06,5082.6600,1
HYH9,10:25:06,5031.3200,2
HYH9,10:25:06,5339.3600,2
HYH9,10:25:06,5339.3600,4
HYH9,10:25:06,4876.3500,2
HYH9,10:25:06,5235.6600,1
HYH9,10:25:06,5185.3400,4
HYH9,10:25:06,5030.3400,4
HYH9,10:25:07,5234.6400,3
HYH9,10:25:07,5337.2800,1
HYH9,10:25:08,5388.6000,1
HYH9,10:25:08,5080.6800,2
HYH9,10:25:08,5335.2000,2
HYH9,10:25:08,5181.3000,2
HYH9,10:25:08,5232.6000,2
HYH9,10:25:08,5079.6900,2
HYH9,10:25:09,5131.0000,1
HYH9,10:25:09,5395.9500,1
HYH9,10:25:13,4984.8300,3
HYH9,10:25:13,5241.7800,4
HYH9,10:25:13,5089.5900,1
HYH9,10:25:15,4983.8600,1
HYH9,10:26:33,4980.9500,2
HYH9,10:27:29,5398.0500,2
HYH9,10:27:29,5192.4100,1
HYH9,10:28:08,5395.9500,1
HYH9,10:31:23,5294.2000,91
HYH9,10:31:44,5040.1400,4
HYH9,10:31:59,4937.2800,5
HYH9,10:32:05,5395.9500,10
HYH9,10:32:05,5138.0000,10
HYH9,10:32:14,5348.7200,5
HYH9,10:32:14,4937.2800,3
HYH9,10:34:09,4985.8000,2
HYH9,10:44:28,4988.7100,8
HYH9,10:44:28,5348.7200,15
HYH9,10:44:28,5348.7200,1
HYH9,10:44:31,5397.0000,4
HYH9,10:44:31,5238.7200,2
HYH9,10:44:31,5341.4400,1
HYH9,10:44:31,4930.5600,10
HYH9,10:44:48,5240.7600,1
HYH9,10:45:18,4880.1500,4
HYH9,10:46:27,5346.6400,3
HYH9,10:47:47,5296.2600,4
HYH9,10:49:47,5398.0500,1
HYH9,10:49:47,4883.9500,1
HYH9,10:49:47,5346.6400,1
HYH9,10:49:57,5400.1500,1
HYH9,10:50:21,5400.1500,3
HYH9,10:50:31,5297.2900,2
HYH9,10:50:55,5341.4400,1
HYH9,10:50:55,5084.6400,1
HYH9,10:50:55,5238.7200,1
HYH9,10:50:57,5089.5900,1
HYH9,10:50:57,4935.3600,1
HYH9,10:51:49,4930.5600,2
HYH9,10:54:05,5134.0000,1
HYH9,10:57:51,5087.6100,1
HYH9,10:57:51,5395.9500,1
HYH9,10:57:51,5087.6100,1
HYH9,10:59:33,5398.0500,2
HYH9,11:00:35,5245.8600,5
HYH9,11:00:35,5348.7200,1
HYH9,11:01:11,4886.8000,1
HYH9,11:01:11,5349.7600,2
HYH9,11:01:11,5092.5600,1
HYH9,11:01:11,5401.2000,3
HYH9,11:01:11,5041.1200,1
HYH9,11:01:11,4939.2000,3
HYH9,11:01:11,5145.0000,2
HYH9,11:02:11,4888.7000,1
HYH9,11:02:56,5143.0000,1
HYH9,11:11:26,5192.4100,2
HYH9,11:21:06,5196.4500,1
HYH9,11:21:08,5094.5400,2
HYH9,11:21:08,5351.8400,1
HYH9,11:22:36,5352.8800,1
HYH9,11:23:09,5043.0800,1
HYH9,11:24:42,5349.7600,5
HYH9,11:25:16,4883.9500,3
HYH9,11:25:16,5192.4100,20
HYH9,11:25:16,4984.8300,4
HYH9,11:25:16,4933.4400,4
HYH9,11:25:16,4880.1500,4
HYH9,11:25:16,5084.6400,2
HYH9,11:25:16,4879.2000,1
HYH9,11:25:16,5238.7200,1
HYH9,11:25:16,4980.9500,1
HYH9,11:25:18,5092.5600,1
HYH9,11:26:28,5038.1800,1
HYH9,11:26:28,4987.7400,4
HYH9,11:26:28,5090.5800,5
HYH9,11:30:05,5193.4200,1
HYH9,11:30:14,5037.2000,42
HYH9,11:30:14,5395.9500,4
HYH9,11:30:14,4882.0500,6
HYH9,11:31:19,5188.3700,1
HYH9,11:32:35,5188.3700,1
HYH9,11:32:35,5342.4800,3
HYH9,11:36:09,5392.8000,1
HYH9,11:36:09,4930.5600,2
HYH9,11:36:09,5136.0000,3
HYH9,11:36:09,4930.5600,4
HYH9,11:36:09,4981.9200,1
HYH9,11:37:21,5085.6300,1
HYH9,11:37:56,4981.9200,1
HYH9,11:37:56,4981.9200,1
HYH9,11:37:56,5391.7500,5
HYH9,11:37:56,5135.0000,4
HYH9,11:37:56,5390.7000,34
HYH9,11:37:56,4979.9800,5
HYH9,11:43:03,5292.1400,1
HYH9,11:43:03,5138.0000,1
HYH9,11:43:24,5240.7600,1
HYH9,11:43:37,5035.2400,3
HYH9,11:43:37,5343.5200,1
HYH9,11:44:55,5084.6400,2
HYH9,11:44:55,5237.7000,20
HYH9,11:45:11,5186.3500,5
HYH9,11:45:11,5391.7500,6
HYH9,11:45:11,5135.0000,3
HYH9,11:45:11,4929.6000,1
HYH9,11:46:16,5288.0200,4
HYH9,11:46:23,5338.3200,2
HYH9,11:46:34,4929.6000,1
HYH9,11:51:43,5337.2800,1
HYH9,11:51:43,5234.6400,1
HYH9,11:53:45,5183.3200,4
HYH9,11:53:45,5132.0000,1
HYH9,11:53:45,5284.9300,1
HYH9,11:54:18,4875.4000,1
HYH9,11:54:18,5079.6900,8
HYH9,11:54:18,5028.3800,3
HYH9,11:57:05,4877.3000,25
HYH9,11:57:05,5082.6600,2
HYH9,11:57:05,5134.0000,20
HYH9,11:57:35,5235.6600,1
HYH9,11:57:41,5029.3600,1
HYH9,12:00:02,4931.5200,4
HYH9,12:00:02,5291.1100,4
HYH9,12:04:33,5340.4000,1
HYH9,12:05:40,5285.9600,20
HYH9,12:05:40,5231.5800,3
HYH9,12:05:40,5333.1200,1
HYH9,12:06:01,4975.1300,10
HYH9,12:07:20,4872.5500,1
HYH9,12:08:24,5384.4000,1
HYH9,12:08:27,5127.0000,4
HYH9,12:08:28,5383.3500,1
HYH9,12:10:39,5280.8100,1
HYH9,12:11:23,5385.4500,10
HYH9,12:15:13,5180.2900,1
HYH9,12:15:13,5282.8700,1
HYH9,12:15:23,5180.2900,2
HYH9,12:15:23,5333.1200,24
HYH9,12:15:23,5128.0000,7
HYH9,12:17:37,5332.0800,1
HYH9,12:20:27,5127.0000,1
HYH9,12:20:39,5078.7000,5
HYH9,12:20:39,5079.6900,21
HYH9,12:21:22,5182.3100,1
HYH9,12:21:23,5336.2400,1
HYH9,12:23:43,5183.3200,10
HYH9,12:23:43,5236.6800,3
HYH9,12:23:46,5134.0000,7
HYH9,12:23:46,5236.6800,2
HYH9,12:23:46,5236.6800,1
HYH9,12:23:46,4979.9800,1
HYH9,12:23:46,5134.0000,3
HYH9,12:24:15,5234.6400,1
HYH9,12:25:24,5237.7000,5
HYH9,12:25:39,5237.7000,2
HYH9,12:25:51,4878.2500,1
HYH9,12:26:10,5340.4000,2
HYH9,12:26:10,4879.2000,1
HYH9,12:26:10,4982.8900,4
HYH9,12:26:10,5239.7400,3
HYH9,12:26:17,4878.2500,5
HYH9,12:26:32,5135.0000,5
HYH9,12:36:12,5137.0000,1
HYH9,12:36:12,4880.1500,1
HYH9,12:36:12,5239.7400,1
HYH9,12:36:12,4932.4800,2
HYH9,12:36:12,5035.2400,5
HYH9,12:40:42,4984.8300,3
HYH9,12:40:42,4984.8300,2
HYH9,12:47:38,4930.5600,2
HYH9,12:47:38,5186.3500,4
HYH9,12:47:38,5032.3000,20
HYH9,12:47:38,5083.6500,14
HYH9,12:59:02,5141.0000,1
HYH9,12:59:02,5295.2300,6
HYH9,12:59:02,5243.8200,2
HYH9,12:59:02,5141.0000,2
HYH9,12:59:02,5038.1800,3
HYH9,12:59:02,5141.0000,2
HYH9,12:59:02,5195.4400,3
HYH9,13:04:33,5345.6000,2
HYH9,13:04:33,5241.7800,3
HYH9,13:04:33,4882.0500,20
HYH9,13:09:37,5195.4400,3
HYH9,13:09:37,5196.4500,4
HYH9,13:09:37,5247.9000,2
HYH9,13:11:50,5195.4400,1
HYH9,13:11:50,5299.3500,8
HYH9,13:11:50,4939.2000,4
HYH9,13:11:50,5094.5400,20
HYH9,13:11:50,5147.0000,4
HYH9,13:11:50,4941.1200,28
HYH9,13:11:50,5147.0000,59
HYH9,13:12:27,4989.6800,19
HYH9,13:12:27,5246.8800,1
HYH9,13:12:48,5348.7200,1
HYH9,13:20:17,5097.5100,3
HYH9,13:20:18,5249.9400,2
HYH9,13:22:37,5405.4000,1
HYH9,13:25:41,5046.0200,10
HYH9,13:25:41,5200.4900,1
HYH9,13:29:49,5046.0200,10
HYH9,13:30:41,5301.4100,5
HYH9,13:38:49,4990.6500,1
HYH9,13:38:49,5145.0000,2
HYH9,13:41:36,5248.9200,8
HYH9,13:42:24,5145.0000,1
HYH9,13:49:49,5098.5000,3
HYH9,13:49:49,5047.9800,1
HYH9,13:49:49,4997.4400,4
HYH9,13:51:47,5044.0600,1
HYH9,13:52:11,5403.3000,2
HYH9,13:52:11,4940.1600,1
HYH9,13:57:31,4942.0800,2
HYH9,13:58:33,5253.0000,1
HYH9,13:58:48,5097.5100,1
HYH9,13:59:00,5407.5000,8
HYH9,13:59:00,5044.0600,1
HYH9,13:59:00,5147.0000,5
HYH9,14:15:41,5093.5500,3
HYH9,14:21:11,5091.5700,2
HYH9,14:24:40,4938.2400,8
HYH9,14:24:58,4989.6800,20
HYH9,14:25:20,4890.6000,1
HYH9,14:25:23,5200.4900,1
HYH9,14:25:26,4890.6000,2
HYH9,14:25:30,5200.4900,1
HYH9,14:25:42,5304.5000,1
HYH9,14:25:44,5253.0000,1
HYH9,14:25:51,5356.0000,1
HYH9,14:27:37,5246.8800,1
HYH9,14:29:46,5040.1400,2
HYH9,14:29:46,4885.8500,1
HYH9,14:29:47,4988.7100,2
HYH9,14:31:09,5038.1800,1
HYH9,14:31:09,4935.3600,1
HYH9,14:31:09,5242.8000,1
HYH9,14:31:09,5241.7800,4
HYH9,14:31:09,5292.1400,3
HYH9,14:31:09,5086.6200,20
HYH9,14:36:53,5389.6500,1
HYH9,14:36:53,4875.4000,3
HYH9,14:36:54,4876.3500,1
HYH9,14:40:54,5280.8100,1
HYH9,14:41:15,5127.0000,3
HYH9,14:41:15,5332.0800,3
HYH9,14:41:16,5227.5000,1
HYH9,14:41:16,4920.9600,2
HYH9,14:49:53,5378.1000,8
HYH9,14:49:53,5173.2200,3
HYH9,14:49:57,5172.2100,1
HYH9,14:49:59,5325.8400,1
HYH9,14:51:54,5376.0000,2
HYH9,14:52:19,5013.6800,3
HYH9,14:52:19,5115.0000,2
HYH9,14:52:32,4961.5500,8
HYH9,14:52:32,5217.3000,1
HYH9,14:52:39,4913.2800,1
HYH9,14:53:14,5010.7400,1
HYH9,14:53:14,4857.3500,1
HYH9,14:53:14,4959.6100,3
HYH9,14:53:14,5368.6500,1
HYH9,14:53:14,5010.7400,2
HYH9,14:53:14,4857.3500,2
HYH9,15:12:11,4966.4000,1
HYH9,15:12:11,4864.9500,3
HYH9,15:12:11,5123.0000,3
HYH9,15:12:45,5330.0000,1
HYH9,15:20:47,5328.9600,1
HYH9,15:20:47,5071.7700,14
HYH9,15:20:47,4866.8500,1
HYH9,15:28:19,5275.6600,1
HYH9,15:29:06,5229.5400,1
HYH9,15:49:09,5228.5200,1
HYH9,15:56:02,5328.9600,1
HYH9,16:00:04,4920.0000,1
HYH9,16:00:04,5022.5000,4
HYH9,16:00:04,4920.0000,1
HYH9,16:00:04,5176.2500,1
HYH9,16:00:04,5227.5000,9
HYH9,16:00:04,4920.0000,2
HYH9,16:00:04,5176.2500,18
HYH9,16:00:17,5073.7500,1
HYH9,16:01:11,5278.7500,10
HYH9,16:01:11,5022.5000,3
HYH9,16:01:27,5176.2500,10
HYH9,16:12:39,4970.2800,1
HYH9,16:17:09,5380.2000,1
HYH9,16:17:10,5124.0000,1
HYH9,16:23:11,5379.1500,1
HYH9,16:32:22,4864.0000,1
HYH9,16:32:22,5067.8100,1
HYH9,16:32:22,4965.4300,3
HYH9,16:32:22,5170.1900,6
HYH9,16:32:22,5374.9500,1
HYH9,16:32:22,4965.4300,5
HYH9,16:32:22,5219.3400,1
HYH9,16:33:30,4910.4000,3
HYH9,16:33:58,5066.8200,2
HYH9,16:37:19,5268.4500,2
HYH9,16:37:19,5268.4500,5
HYH9,16:37:19,5115.0000,7
HYH9,16:37:19,5012.7000,2
HYH9,16:41:54,5066.8200,10
HYH9,16:41:54,5271.5400,2
HYH9,16:41:54,5221.3800,3
HYH9,16:41:55,5270.5100,10
HYH9,16:45:02,4960.5800,1
HYH9,16:45:39,4912.3200,1
HYH9,16:46:56,5269.4800,2
HYH9,16:47:05,5319.6000,1
HYH9,16:47:07,5216.2800,10
HYH9,16:47:35,5062.8600,1
HYH9,16:47:35,5062.8600,9
HYH9,16:47:35,5165.1400,1
HYH9,16:47:35,5267.4200,3
HYH9,16:47:35,5216.2800,6
HYH9,16:48:27,5319.6000,1
HYH9,16:49:07,4959.6100,3
HYH9,16:49:22,4907.5200,4
HYH9,16:49:22,5112.0000,4
HYH9,16:49:42,5008.7800,7
HYH9,16:49:42,4855.4500,4
HYH9,16:49:42,5162.1100,1
HYH9,16:49:42,5111.0000,1
HYH9,16:49:42,4957.6700,1
HYH9,16:49:43,5363.4000,2
HYH9,16:49:43,5261.2400,2
HYH9,16:49:43,5210.1600,1
HYH9,16:50:27,5362.3500,2
HYH9,16:50:27,5260.2100,1
HYH9,16:50:27,5362.3500,1
HYH9,16:50:27,4953.7900,1
HYH9,16:50:27,4902.7200,1
HYH9,16:51:04,5259.1800,3
HYH9,16:51:04,5207.1000,7
HYH9,16:51:23,5313.3600,2
HYH9,16:51:33,5262.2700,1
HYH9,16:51:47,4955.7300,9
HYH9,16:55:42,5007.8000,1
HYH9,16:59:50,4854.5000,10
HYH9,16:59:50,4957.6700,3
HYH9,17:03:54,4954.7600,2
HYH9,17:04:03,5003.8800,2
HYH9,17:04:03,4850.7000,3
HYH9,17:04:03,5258.1500,3
HYH9,17:04:03,5258.1500,2
HYH9,17:07:27,5003.8800,17
HYH9,17:07:27,4952.8200,1
HYH9,17:07:29,5157.0600,2
HYH9,17:10:01,5109.0000,9
HYH9,17:12:41,5360.2500,2
HYH9,17:12:41,5207.1000,2
HYH9,17:14:05,5310.2400,1
HYH9,17:18:06,5309.2000,5
HYH9,17:18:32,5309.2000,3
HYH9,17:18:32,4849.7500,2
HYH9,17:18:32,4951.8500,10
HYH9,17:28:45,5365.5000,17
HYH9,17:28:45,5212.2000,3
HYH9,17:29:09,5111.0000,3
HYH9,17:30:26,4857.3500,3
HYH9,17:30:26,5369.7000,3
HYH9,17:30:26,5319.6000,4
HYH9,17:30:26,5319.6000,3
HYH9,17:30:26,5217.3000,10
HYH9,17:30:26,4961.5500,16
HYH9,17:30:26,5268.4500,1
HYH9,17:30:26,5063.8500,2
HYH9,17:30:26,5268.4500,2
HYH9,17:30:26,5217.3000,1
HYH9,17:30:44,4857.3500,1
HYH9,17:30:44,4960.5800,2
HYH9,17:33:52,5370.7500,1
HYH9,17:35:12,5320.6400,5
HYH9,17:35:17,4962.5200,2
HYH9,17:35:17,4911.3600,3
HYH9,17:38:39,5166.1500,1
HYH9,17:39:36,4857.3500,1
HYH9,17:39:54,5316.4800,1
HYH9,17:40:07,5366.5500,3
HYH9,17:41:09,5007.8000,2
HYH9,17:41:35,5110.0000,10
HYH9,17:41:35,5059.8900,2
HYH9,17:43:40,5314.4000,2
HYH9,17:43:40,4853.5500,2
HYH9,17:43:40,5260.2100,3
HYH9,17:44:09,5005.8400,1
HYH9,17:44:09,4954.7600,1
HYH9,17:44:09,5108.0000,2
HYH9,17:44:09,5004.8600,6
HYH9,17:44:24,5055.9300,1
HYH9,17:44:24,4953.7900,2
HYH9,17:44:24,5208.1200,1
HYH9,17:44:24,5361.3000,3
HYH9,17:44:24,4901.7600,4
HYH9,17:44:35,5365.5000,1
HYH9,17:44:35,5260.2100,3
HYH9,17:44:35,4953.7900,3
HYH9,17:44:35,5157.0600,3
HYH9,17:45:03,5008.7800,2
HYH9,17:45:03,5008.7800,3
HYH9,17:45:03,5265.3600,2
HYH9,17:45:03,5265.3600,4
HYH9,17:45:03,4856.4000,10
HYH9,17:45:03,5266.3900,2
HYH9,17:45:03,5215.2600,7
HYH9,17:45:38,5264.3300,5
HYH9,17:46:03,5366.5500,5
HYH9,17:47:54,5007.8000,2
HYH9,17:47:54,5314.4000,5
HYH9,17:47:54,4905.6000,3
HYH9,17:48:46,5007.8000,10
HYH9,17:48:47,5108.0000,1
HYH9,17:51:05,4907.5200,5
HYH9,17:52:52,4909.4400,9
HYH9,17:52:52,5011.7200,1
HYH9,17:52:52,5369.7000,1
HYH9,17:55:38,4854.5000,1
HYH9,17:56:35,4955.7300,2
HYH9,18:07:45,5364.4500,3
HYH9,18:07:45,5006.8200,2
HYH9,18:07:46,5260.2100,2
HYH9,18:12:21,5213.2200,1
HYH9,18:12:21,4957.6700,9
HYH9,18:12:55,5113.0000,5
HYH9,18:13:01,5010.7400,5
HYH9,18:14:38,5007.8000,3
HYH9,18:15:01,4960.5800,10
HYH9,18:15:01,5063.8500,6
HYH9,18:15:01,5012.7000,4
HYH9,18:16:38,4956.7000,1
HYH9,18:18:42,5012.7000,2
HYH9,18:18:42,5370.7500,2
HYH9,18:18:46,5217.3000,1
HYH9,18:18:49,5319.6000,1
HYH9,18:19:07,5165.1400,10
HYH9,18:19:25,4960.5800,5
HYH9,18:20:28,4908.4800,1
HYH9,18:24:38,5063.8500,1
HYH9,18:24:38,4911.3600,1
HYH9,18:24:38,5116.0000,1
HYH9,18:24:38,5269.4800,10
HYH9,18:24:38,5013.6800,3
HYH9,18:24:38,5013.6800,3
HYH9,18:26:41,5015.6400,2
HYH9,18:26:41,5170.1900,1
HYH9,18:28:54,5171.2000,1
HYH9,18:28:54,5171.2000,1
HYH9,18:34:17,5017.6000,2
HYH9,18:34:30,5273.6000,1
HYH9,18:35:40,4864.0000,5
HYH9,19:00:07,5017.6000,1
HYH9,19:12:20,5114.0000,1
HYH9,19:14:37,4858.3000,2
HYH9,19:14:37,5318.5600,5
HYH9,19:25:29,5018.5800,1
HYH9,19:25:29,4968.3400,1
HYH9,19:46:52,4969.3100,1
HYH9,19:47:02,4967.3700,2
HYH9,19:54:52,5320.6400,2
HYH9,19:54:52,5217.3000,2
HYH9,20:04:46,5327.9200,13
HYH9,20:10:54,5020.5400,5
HYH9,20:11:07,5222.4000,4
HYH9,20:28:51,5225.4600,5
HYH9,20:28:51,5379.1500,3
HYH9,20:32:48,4866.8500,1
HYH9,20:32:48,5379.1500,6
HYH9,20:32:48,5276.6900,1
HYH9,20:32:48,5225.4600,3
HYH9,20:35:41,5379.1500,1
HYH9,20:35:43,5379.1500,1
HYH9,20:35:48,5174.2300,1
HYH9,20:35:54,4866.8500,1
HYH9,20:37:40,5327.9200,1
HYH9,20:37:40,4969.3100,2
HYH9,20:37:58,5175.2400,1
HYH9,20:50:02,5226.4800,5
HYH9,21:01:16,4969.3100,1
HYH9,21:01:16,5276.6900,1
HYH9,21:07:36,5174.2300,4
HYH9,21:10:39,5376.0000,6
HYH9,21:10:39,5323.7600,4
HYH9,21:10:39,5321.6800,2
HYH9,21:11:10,5116.0000,2
HYH9,21:11:10,4961.5500,1
HYH9,21:11:10,4910.4000,4
HYH9,21:11:10,5063.8500,1
HYH9,21:11:10,5166.1500,1
HYH9,21:22:57,5225.4600,4
HYH9,21:22:57,5071.7700,1
HYH9,21:22:57,5174.2300,10
HYH9,22:07:41,5272.5700,1
HYH9,22:12:29,5266.3900,1
HYH9,22:30:49,5173.2200,5
HYH9,22:30:49,5173.2200,3
HYH9,22:33:17,4969.3100,2
HYH9,22:34:21,5276.6900,4
HYH9,22:34:21,5226.4800,14
HYH9,22:34:21,5175.2400,4
HYH9,22:34:41,5277.7200,5
HYH9,22:36:48,5020.5400,4
HYH9,22:37:58,5328.9600,5
HYH9,23:27:06,5228.5200,1
HYH9,23:27:06,5331.0400,1
HYH9,23:27:06,5279.7800,5
HYH9,23:37:43,5384.4000,5
HYH9,23:38:11,5025.4400,2
HYH9,23:38:11,5072.7600,1
HYH9,23:45:14,4974.1600,1
HYH9,23:47:44,5128.0000,2
HYH9,23:49:37,4869.7000,1
HYH9,23:49:37,5075.7300,2
HYH9,10:00:06,5025.4400,3
HYH9,10:00:06,5335.2000,5
HYH9,10:00:07,5387.5500,3
HYH9,10:00:07,5233.6200,1
HYH9,10:00:11,5232.6000,10
HYH9,10:00:12,5277.7200,1
HYH9,10:00:17,5284.9300,3
HYH9,10:01:25,5383.3500,1
HYH9,10:01:25,5075.7300,1
HYH9,10:01:25,4870.6500,1
HYH9,10:01:25,4920.9600,1
HYH9,10:01:59,5227.5000,6
HYH9,10:03:35,5326.8800,3
HYH9,10:05:30,5327.9200,2
HYH9,10:05:38,5379.1500,1
HYH9,10:05:39,5071.7700,1
HYH9,10:05:42,4969.3100,2
HYH9,10:05:44,5225.4600,1
HYH9,10:06:26,5015.6400,1
HYH9,10:06:26,5169.1800,9
HYH9,10:06:54,5174.2300,1
HYH9,10:11:34,4968.3400,2
HYH9,10:12:28,4863.0500,1
HYH9,10:12:35,5015.6400,1
HYH9,10:12:35,5270.5100,3
HYH9,10:12:41,5168.1700,1
HYH9,10:12:41,4962.5200,5
HYH9,10:12:54,5378.1000,1
HYH9,10:13:09,4864.9500,1
HYH9,10:13:39,5124.0000,1
HYH9,10:13:39,5072.7600,1
HYH9,10:14:11,4919.0400,1
HYH9,10:14:13,4920.0000,1
HYH9,10:14:15,5278.7500,2
HYH9,10:15:02,4969.3100,1
HYH9,10:15:02,5071.7700,1
HYH9,10:22:08,5280.8100,3
HYH9,10:22:08,5129.0000,1
HYH9,10:22:08,5180.2900,1
HYH9,10:22:08,5129.0000,4
HYH9,10:22:08,4873.5000,10
HYH9,10:22:08,5131.0000,1
HYH9,10:22:08,5233.6200,4
HYH9,10:22:08,5234.6400,20
HYH9,10:22:08,5235.6600,4
HYH9,10:22:08,5081.6700,2
HYH9,10:25:07,5334.1600,1
HYH9,10:25:07,5130.0000,1
HYH9,10:28:48,5078.7000,10
HYH9,10:30:03,5330.0000,1
HYH9,10:30:14,5070.7800,1
HYH9,10:30:14,4968.3400,1
HYH9,10:30:14,4865.9000,1
HYH9,10:32:54,5127.0000,1
HYH9,10:32:54,5178.2700,3
HYH9,10:32:54,5333.1200,1
HYH9,10:35:02,5334.1600,1
HYH9,10:35:32,5231.5800,9
HYH9,10:35:32,5180.2900,1
HYH9,10:40:06,5176.2500,1
HYH9,10:40:06,4971.2500,8
HYH9,10:41:18,4867.8000,4
HYH9,10:42:23,5278.7500,1
HYH9,10:42:31,5227.5000,1
HYH9,10:43:18,5122.0000,1
HYH9,10:49:11,4973.1900,1
HYH9,10:50:09,5225.4600,1
HYH9,10:51:12,5128.0000,1
HYH9,10:54:59,5078.7000,18
HYH9,10:54:59,4875.4000,3
HYH9,10:58:35,5130.0000,1
HYH9,10:59:09,5336.2400,1
HYH9,10:59:58,5337.2800,1
HYH9,11:00:17,5333.1200,10
HYH9,11:00:17,5280.8100,3
HYH9,11:00:17,5074.7400,4
HYH9,11:00:17,5073.7500,1
HYH9,11:00:17,5073.7500,2
HYH9,11:01:12,4978.0400,1
HYH9,11:06:25,5337.2800,3
HYH9,11:06:25,4875.4000,7
HYH9,11:08:10,5280.8100,1
HYH9,11:08:10,5383.3500,2
HYH9,11:09:36,5127.0000,5
HYH9,11:14:03,4921.9200,5
HYH9,11:16:55,4924.8000,1
HYH9,11:16:55,5078.7000,1
HYH9,11:17:03,5181.3000,1
HYH9,11:17:03,5027.4000,6
HYH9,11:17:03,5181.3000,1
HYH9,11:17:03,5232.6000,3
HYH9,11:17:30,5080.6800,1
HYH9,11:17:30,4978.0400,2
HYH9,11:17:40,4978.0400,2
HYH9,11:18:06,5337.2800,1
HYH9,11:18:11,5339.3600,1
HYH9,11:24:22,5332.0800,10
HYH9,11:24:22,5024.4600,10
HYH9,11:28:12,4974.1600,1
HYH9,11:28:12,5076.7200,9
HYH9,11:28:12,5384.4000,10
HYH9,11:28:44,5282.8700,5
HYH9,11:28:44,4923.8400,4
HYH9,11:28:44,5231.5800,1
HYH9,11:28:44,5180.2900,8
HYH9,11:28:44,5385.4500,2
HYH9,11:33:57,4974.1600,2
HYH9,11:46:35,5133.0000,1
HYH9,11:47:15,5286.9900,19
HYH9,11:47:15,5286.9900,1
HYH9,11:47:49,5031.3200,2
HYH9,11:47:49,4928.6400,2
HYH9,11:47:51,4928.6400,1
HYH9,11:48:05,5391.7500,1
HYH9,11:48:05,5341.4400,1
HYH9,11:48:28,5084.6400,20
HYH9,11:48:35,5392.8000,3
HYH9,11:48:35,5238.7200,3
HYH9,11:48:35,5392.8000,3
HYH9,11:48:35,5187.3600,2
HYH9,11:48:35,5341.4400,1
HYH9,11:49:07,4984.8300,1
HYH9,11:49:08,5393.8500,2
HYH9,11:49:09,5034.2600,1
HYH9,11:49:09,4982.8900,13
HYH9,11:53:14,5395.9500,1
HYH9,11:53:38,5344.5600,1
HYH9,11:53:39,4984.8300,1
HYH9,11:54:17,5397.0000,1
HYH9,11:54:18,5088.6000,1
HYH9,11:54:51,5294.2000,1
HYH9,11:54:51,5345.6000,2
HYH9,11:55:05,4934.4000,1
HYH9,11:55:12,5140.0000,1
HYH9,11:55:23,4981.9200,1
HYH9,11:55:23,5083.6500,1
HYH9,11:56:35,5286.9900,2
HYH9,11:58:33,4979.0100,1
HYH9,11:58:45,4928.6400,1
HYH9,11:58:45,5236.6800,2
HYH9,12:05:00,5082.6600,10
HYH9,12:05:00,5391.7500,10
HYH9,12:05:00,4980.9500,3
HYH9,12:05:00,4878.2500,2
HYH9,12:05:00,5289.0500,2
HYH9,12:05:00,4878.2500,5
HYH9,12:05:00,5289.0500,10
HYH9,12:05:00,5032.3000,1
HYH9,12:05:00,5289.0500,3
HYH9,12:05:00,5135.0000,4
HYH9,12:06:04,4876.3500,5
HYH9,12:06:04,4927.6800,5
HYH9,12:06:04,4876.3500,10
HYH9,12:07:25,4928.6400,6
HYH9,12:07:26,4979.9800,4
HYH9,12:07:26,5289.0500,1
HYH9,12:07:26,5341.4400,9
HYH9,12:07:26,4929.6000,10
HYH9,12:07:26,5341.4400,2
HYH9,12:07:26,5188.3700,1
HYH9,12:07:26,5393.8500,4
HYH9,12:07:26,5085.6300,20
HYH9,12:07:26,5189.3800,1
HYH9,12:07:26,5138.0000,19
HYH9,12:07:26,4981.9200,10
HYH9,12:07:26,5086.6200,4
HYH9,12:07:26,4881.1000,16
HYH9,12:07:26,4932.4800,25
HYH9,12:07:26,5391.7500,1
HYH9,12:07:31,5292.1400,6
HYH9,12:07:31,5190.3900,4
HYH9,12:07:31,5395.9500,10
HYH9,12:07:31,4984.8300,1
HYH9,12:07:31,5140.0000,3
HYH9,12:07:31,5140.0000,1
HYH9,12:07:31,4986.7700,1
HYH9,12:07:31,5192.4100,2
HYH9,12:07:31,4935.3600,4
HYH9,12:07:31,4986.7700,4
HYH9,12:07:31,4935.3600,82
HYH9,12:07:31,5243.8200,13
HYH9,12:07:31,5089.5900,5
HYH9,12:07:31,5089.5900,20
HYH9,12:07:31,5143.0000,2
HYH9,12:07:36,5139.0000,10
HYH9,12:07:36,5089.5900,18
HYH9,12:07:36,4934.4000,12
HYH9,12:07:36,5347.6800,20
HYH9,12:07:36,4936.3200,1
HYH9,12:07:36,5193.4200,13
HYH9,12:07:36,5399.1000,6
HYH9,12:07:36,5300.3800,24
HYH9,12:07:41,5243.8200,10
HYH9,12:07:41,5040.1400,1
HYH9,12:07:41,5401.2000,2
HYH9,12:07:41,5195.4400,4
HYH9,12:07:41,4888.7000,9
HYH9,12:07:41,4991.6200,13
HYH9,12:07:41,5300.3800,22
HYH9,12:07:41,5142.0000,10
HYH9,12:07:41,5144.0000,3
HYH9,12:07:41,5403.3000,7
HYH9,12:07:41,5248.9200,25
HYH9,12:07:41,5248.9200,3
HYH9,12:07:41,4992.5900,4
HYH9,12:07:41,5200.4900,2
HYH9,12:07:41,5304.5000,66
HYH9,12:07:41,5245.8600,6
HYH9,12:07:41,4882.0500,1
HYH9,12:07:41,5141.0000,1
HYH9,12:07:41,5141.0000,2
HYH9,12:07:46,5244.8400,9
HYH9,12:07:46,5399.1000,1
HYH9,12:07:46,5039.1600,1
HYH9,12:07:46,5092.5600,20
HYH9,12:07:46,4939.2000,4
HYH9,12:07:46,5399.1000,10
HYH9,12:07:46,4990.6500,16
HYH9,12:07:46,5351.8400,3
HYH9,12:07:46,4892.5000,4
HYH9,12:07:46,4995.5000,6
HYH9,12:07:46,4939.2000,10
HYH9,12:07:46,5304.5000,2
HYH9,12:07:46,5357.0400,17
HYH9,12:07:46,5099.4900,14
HYH9,12:07:46,5202.5100,10
HYH9,12:07:46,5197.4600,1
HYH9,12:07:46,5197.4600,9
HYH9,12:07:46,4992.5900,25
HYH9,12:07:46,4889.6500,3
HYH9,12:07:46,5254.0200,12
HYH9,12:07:46,5403.3000,10
HYH9,12:07:46,5047.9800,5
HYH9,12:07:51,5351.8400,10
HYH9,12:07:51,5200.4900,11
HYH9,12:07:51,5097.5100,11
HYH9,12:07:51,5097.5100,8
HYH9,12:07:51,5097.5100,3
HYH9,12:07:51,4893.4500,3
HYH9,12:07:51,5254.0200,35
HYH9,12:07:56,4889.6500,10
HYH9,12:07:56,5354.9600,30
HYH9,12:07:56,5047.9800,4
HYH9,12:07:56,5151.0000,3
HYH9,12:07:56,5000.3500,1
HYH9,12:07:56,5053.8600,1
HYH9,12:07:56,5416.9500,20
HYH9,12:07:56,5107.4100,6
HYH9,12:07:56,4994.5300,4
HYH9,12:07:56,4891.5500,11
HYH9,12:07:56,5149.0000,9
HYH9,12:07:56,4942.0800,4
HYH9,12:07:56,4890.6000,6
HYH9,12:07:56,5354.9600,5
HYH9,12:07:56,5149.0000,1
HYH9,12:07:56,5052.8800,4
HYH9,12:07:56,5364.3200,5
HYH9,12:07:56,5311.7100,4
HYH9,12:07:56,5208.5700,3
HYH9,12:07:56,4951.6800,56
HYH9,12:07:56,4893.4500,8
HYH9,12:07:56,5357.0400,1
HYH9,12:07:56,5254.0200,1
HYH9,12:07:56,5200.4900,1
HYH9,12:07:56,5304.5000,2
HYH9,12:07:57,5356.0000,8
HYH9,12:07:57,5099.4900,10
HYH9,12:07:57,5408.5500,8
HYH9,12:08:06,5301.4100,6
HYH9,12:08:06,4941.1200,7
HYH9,12:08:06,5094.5400,1
HYH9,12:08:06,5094.5400,2
HYH9,12:08:20,5038.1800,3
HYH9,12:08:20,4986.7700,4
HYH9,12:08:20,4986.7700,4
HYH9,12:08:27,5351.8400,3
HYH9,12:10:19,5301.4100,2
HYH9,12:12:10,5202.5100,3
HYH9,12:12:53,5200.4900,4
HYH9,12:13:34,4947.8400,1
HYH9,12:13:36,5154.0000,1
HYH9,12:14:27,4946.8800,1
HYH9,12:15:16,5204.5300,1
HYH9,12:15:17,5204.5300,1
HYH9,12:15:41,4999.3800,1
HYH9,12:16:03,5205.5400,8
HYH9,12:16:03,5411.7000,3
HYH9,12:16:03,5205.5400,2
HYH9,12:16:03,5308.6200,1
HYH9,12:16:03,5308.6200,5
HYH9,12:16:03,5360.1600,1
HYH9,12:16:11,4996.4700,1
HYH9,12:18:02,5199.4800,1
HYH9,12:18:03,5300.3800,2
HYH9,12:18:03,5403.3000,1
HYH9,12:18:03,4992.5900,1
HYH9,12:18:27,5197.4600,10
HYH9,12:18:38,4935.3600,4
HYH9,12:18:38,4986.7700,3
HYH9,12:18:38,5295.2300,17
HYH9,12:19:11,5295.2300,5
HYH9,12:20:21,5290.0800,3
HYH9,12:20:21,4980.9500,1
HYH9,12:20:21,5082.6600,3
HYH9,12:20:21,5134.0000,7
HYH9,12:20:23,4878.2500,1
HYH9,12:20:23,5289.0500,1
HYH9,12:20:40,4929.6000,1
HYH9,12:21:21,4981.9200,1
HYH9,12:21:21,5341.4400,1
HYH9,12:21:50,4980.9500,4
HYH9,12:25:53,5082.6600,10
HYH9,12:28:57,5032.3000,1
HYH9,12:38:03,5135.0000,1
HYH9,12:44:24,5286.9900,4
HYH9,12:44:24,5184.3300,3
HYH9,12:44:24,5286.9900,3
HYH9,12:44:54,5336.2400,1
HYH9,12:59:42,5236.6800,1
HYH9,13:04:33,5390.7000,1
HYH9,13:04:43,5031.3200,1
HYH9,13:04:56,5390.7000,1
HYH9,13:06:48,5337.2800,1
HYH9,13:06:48,5029.3600,2
HYH9,13:11:23,5182.3100,1
HYH9,13:15:08,4874.4500,1
HYH9,13:15:08,5387.5500,1
HYH9,13:15:08,5078.7000,10
HYH9,13:15:08,5385.4500,4
HYH9,13:15:08,5180.2900,3
HYH9,13:15:08,5282.8700,1
HYH9,13:15:09,5386.5000,1
HYH9,13:17:37,4877.3000,2
HYH9,13:17:37,5082.6600,1
HYH9,13:18:32,5189.3800,1
HYH9,13:18:32,5190.3900,3
HYH9,13:18:32,5241.7800,4
HYH9,13:18:32,4984.8300,10
HYH9,13:18:32,5344.5600,4
HYH9,13:18:32,5344.5600,4
HYH9,13:18:32,5190.3900,24
HYH9,13:18:32,5036.2200,4
HYH9,13:18:32,5241.7800,47
HYH9,13:18:32,5087.6100,3
HYH9,13:18:32,4882.0500,10
HYH9,13:18:32,4934.4000,4
HYH9,13:18:32,5038.1800,4
HYH9,13:18:32,4883.9500,16
HYH9,13:18:32,5348.7200,3
HYH9,13:18:32,5403.3000,1
HYH9,13:18:32,4940.1600,1
HYH9,13:18:32,4990.6500,1
HYH9,13:18:32,5351.8400,1
HYH9,13:18:32,5145.0000,1
HYH9,13:18:32,5402.2500,2
HYH9,13:18:47,4889.6500,1
HYH9,13:22:52,5037.2000,3
HYH9,13:28:45,5033.2800,2
HYH9,13:28:51,4879.2000,1
HYH9,13:28:55,4879.2000,1
HYH9,13:35:11,5344.5600,1
HYH9,13:35:33,5238.7200,1
HYH9,13:42:44,5392.8000,5
HYH9,13:42:51,5341.4400,5
HYH9,13:49:05,4878.2500,3
HYH9,13:49:05,5390.7000,1
HYH9,13:49:05,4877.3000,1
HYH9,13:56:35,5237.7000,1
HYH9,13:59:00,4926.7200,4
HYH9,13:59:00,5337.2800,6
HYH9,13:59:00,4978.0400,2
HYH9,14:07:50,5388.6000,1
HYH9,14:07:50,5335.2000,1
HYH9,14:14:40,5391.7500,2
HYH9,14:35:43,5286.9900,1
HYH9,14:35:43,5342.4800,1
HYH9,14:38:21,4979.0100,1
HYH9,14:42:20,5290.0800,1
HYH9,14:58:14,5139.0000,2
HYH9,15:01:34,4983.8600,1
HYH9,15:02:54,5393.8500,1
HYH9,15:23:34,5191.4000,1
HYH9,15:23:34,5140.0000,2
HYH9,15:23:34,4985.8000,1
HYH9,15:23:34,4985.8000,1
HYH9,15:23:40,5036.2200,2
HYH9,15:25:58,4887.7500,1
HYH9,15:25:58,5402.2500,2
HYH9,15:26:52,4942.0800,1
HYH9,15:27:03,5092.5600,5
HYH9,15:27:09,5041.1200,1
HYH9,15:27:09,4937.2800,4
HYH9,15:31:58,4883.9500,1
HYH9,15:33:18,5088.6000,18
HYH9,15:33:18,5397.0000,1
HYH9,15:33:18,4985.8000,2
HYH9,15:37:29,5083.6500,1
HYH9,15:38:50,5137.0000,1
HYH9,15:38:58,5394.9000,1
HYH9,15:38:58,5241.7800,1
HYH9,15:40:06,4881.1000,5
HYH9,15:46:41,4880.1500,5
HYH9,15:46:41,4982.8900,2
HYH9,15:46:41,5291.1100,2
HYH9,15:56:01,5392.8000,1
HYH9,15:59:19,5083.6500,1
HYH9,15:59:19,5289.0500,1
HYH9,16:00:27,5339.3600,12
HYH9,16:00:27,5031.3200,1
HYH9,16:00:53,5289.0500,1
HYH9,16:00:53,4979.9800,1
HYH9,16:02:08,5289.0500,7
HYH9,16:02:08,5135.0000,3
HYH9,16:04:42,5289.0500,1
HYH9,16:04:42,5340.4000,1
HYH9,16:07:35,5082.6600,4
HYH9,16:07:35,4928.6400,4
HYH9,16:07:47,5236.6800,4
HYH9,16:07:47,4877.3000,1
HYH9,16:07:47,5339.3600,1
HYH9,16:07:47,5185.3400,2
HYH9,16:07:47,5236.6800,1
HYH9,16:07:48,4928.6400,10
HYH9,16:08:03,5185.3400,10
HYH9,16:08:09,5340.4000,10
HYH9,16:08:11,5135.0000,7
HYH9,16:08:11,5289.0500,3
HYH9,16:08:49,4979.9800,24
HYH9,16:08:49,4928.6400,10
HYH9,16:08:49,5031.3200,3
HYH9,16:09:07,5185.3400,10
HYH9,16:09:07,5031.3200,2
HYH9,16:13:48,5238.7200,2
HYH9,16:15:20,5031.3200,1
HYH9,16:15:34,4927.6800,1
HYH9,16:15:34,5286.9900,2
HYH9,16:15:36,4877.3000,2
HYH9,16:16:56,5389.6500,1
HYH9,16:18:30,4928.6400,2
HYH9,16:24:37,4929.6000,9
HYH9,16:24:37,5135.0000,1
HYH9,16:24:37,5289.0500,10
HYH9,16:31:03,5237.7000,1
HYH9,16:31:03,4980.9500,10
HYH9,16:32:45,5338.3200,1
HYH9,16:32:45,4978.0400,1
HYH9,16:32:45,5080.6800,1
HYH9,16:32:45,4978.0400,4
HYH9,16:32:45,5181.3000,1
HYH9,16:32:45,5232.6000,4
HYH9,16:32:45,4873.5000,4
HYH9,16:32:45,4873.5000,19
HYH9,16:33:14,4977.0700,12
HYH9,16:33:14,5386.5000,4
HYH9,16:33:14,5130.0000,4
HYH9,16:33:14,4922.8800,1
HYH9,16:33:14,5230.5600,4
HYH9,16:33:14,5179.2800,3
HYH9,16:33:14,5333.1200,4
HYH9,16:33:14,5230.5600,8
HYH9,16:33:14,4974.1600,7
HYH9,16:33:14,5333.1200,3
HYH9,16:35:27,5081.6700,3
HYH9,16:37:12,5029.3600,20
HYH9,16:38:00,5288.0200,2
HYH9,16:40:07,5342.4800,1
HYH9,16:49:36,5078.7000,1
HYH9,16:52:38,4924.8000,1
HYH9,16:55:18,4871.6000,8
HYH9,16:55:34,5333.1200,2
HYH9,16:55:34,5333.1200,3
HYH9,16:55:34,5384.4000,15
HYH9,17:03:10,4922.8800,9
HYH9,17:10:48,4927.6800,1
HYH9,17:10:48,5389.6500,1
HYH9,17:10:48,5184.3300,1
HYH9,17:10:48,5233.6200,20
HYH9,17:10:48,5390.7000,4
HYH9,17:10:48,5391.7500,2
HYH9,17:10:48,5033.2800,4
HYH9,17:10:48,5397.0000,90
HYH9,17:10:48,5088.6000,3
HYH9,17:10:48,5397.0000,2
HYH9,17:10:48,4883.0000,2
HYH9,17:10:48,5085.6300,4
HYH9,17:10:48,5034.2600,4
HYH9,17:10:48,5393.8500,4
HYH9,17:10:48,4931.5200,4
HYH9,17:10:48,5139.0000,1
HYH9,17:10:48,5035.2400,2
HYH9,17:10:48,5394.9000,8
HYH9,17:10:48,5394.9000,16
HYH9,17:10:48,5086.6200,44
HYH9,17:10:48,5239.7400,4
HYH9,17:10:48,5135.0000,4
HYH9,17:10:48,4878.2500,16
HYH9,17:10:48,5238.7200,20
HYH9,17:10:48,5394.9000,20
HYH9,17:10:48,5189.3800,2
HYH9,17:10:48,4982.8900,22
HYH9,17:10:48,4925.7600,14
HYH9,17:10:48,4977.0700,8
HYH9,17:10:48,5336.2400,1
HYH9,17:10:49,5085.6300,1
HYH9,17:10:49,5292.1400,3
HYH9,17:10:49,5397.0000,9
HYH9,17:10:49,5088.6000,90
HYH9,17:10:49,5345.6000,5
HYH9,17:10:49,5345.6000,7
HYH9,17:10:49,5088.6000,4
HYH9,17:10:49,4985.8000,3
HYH9,17:10:49,5242.8000,1
HYH9,17:10:49,5397.0000,28
HYH9,17:10:49,5142.0000,1
HYH9,17:10:49,5091.5700,1
HYH9,17:10:49,5194.4300,1
HYH9,17:10:49,5352.8800,3
HYH9,17:10:49,5249.9400,1
HYH9,17:10:49,4993.5600,24
HYH9,17:10:49,4942.0800,10
HYH9,17:10:49,5250.9600,20
HYH9,17:10:49,5302.4400,20
HYH9,17:10:49,4942.0800,16
HYH9,17:10:49,5251.9800,4
HYH9,17:10:49,5151.0000,4
HYH9,17:10:49,5359.1200,4
HYH9,17:10:49,5361.2000,4
HYH9,17:10:49,5260.1400,1
HYH9,17:10:49,5363.2800,1
HYH9,17:10:49,5312.7400,1
HYH9,17:10:49,5362.2400,2
HYH9,17:10:49,5310.6800,2
HYH9,17:10:49,4947.8400,4
HYH9,17:10:49,5203.5200,4
HYH9,17:10:49,4888.7000,4
HYH9,17:10:49,5248.9200,2
HYH9,17:10:49,5289.0500,2
HYH9,17:10:49,5391.7500,2
HYH9,17:10:49,5237.7000,2
HYH9,17:10:49,5187.3600,4
HYH9,17:10:49,5241.7800,10
HYH9,17:10:49,5191.4000,4
HYH9,17:10:49,5246.8800,4
HYH9,17:10:49,5247.9000,4
HYH9,17:10:49,4887.7500,4
HYH9,17:10:49,5196.4500,4
HYH9,17:10:49,5242.8000,11
HYH9,17:10:49,5345.6000,9
HYH9,17:10:49,5294.2000,5
HYH9,17:10:49,5186.3500,1
HYH9,17:10:49,5143.0000,3
HYH9,17:10:49,4937.2800,2
HYH9,17:10:50,4984.8300,4
HYH9,17:10:50,5240.7600,4
HYH9,17:10:50,5239.7400,4
HYH9,17:10:50,4881.1000,4
HYH9,17:10:50,5035.2400,4
HYH9,17:10:50,5034.2600,4
HYH9,17:10:50,4983.8600,4
HYH9,17:10:50,4932.4800,8
HYH9,17:10:50,4883.0000,3
HYH9,17:10:50,4883.0000,9
HYH9,17:10:51,4932.4800,3
HYH9,17:10:51,5136.0000,2
HYH9,17:10:51,5338.3200,12
HYH9,17:10:51,5081.6700,8
HYH9,17:10:51,4927.6800,4
HYH9,17:10:51,5133.0000,3
HYH9,17:10:51,5131.0000,2
HYH9,17:11:04,5030.3400,12
HYH9,17:11:04,5286.9900,6
HYH9,17:11:04,4979.0100,2
HYH9,17:11:08,5290.0800,12
HYH9,17:11:08,4932.4800,3
HYH9,17:11:08,5190.3900,17
HYH9,17:11:13,5034.2600,4
HYH9,17:11:13,5085.6300,4
HYH9,17:11:33,5037.2000,2
HYH9,17:11:48,5141.0000,1
HYH9,17:11:52,5244.8400,1
HYH9,17:11:54,4937.2800,1
HYH9,17:11:59,4987.7400,2
HYH9,17:12:36,4935.3600,1
HYH9,17:12:56,5398.0500,1
HYH9,17:12:56,4883.9500,1
HYH9,17:13:15,5348.7200,1
HYH9,17:13:52,5240.7600,1
HYH9,17:14:05,5293.1700,1
HYH9,17:14:15,5088.6000,2
HYH9,17:14:25,4990.6500,1
HYH9,17:14:27,5295.2300,1
HYH9,17:14:27,4934.4000,6
HYH9,17:14:27,5037.2000,2
HYH9,17:14:27,5191.4000,1
HYH9,17:14:27,5397.0000,5
HYH9,17:14:27,5345.6000,1
HYH9,17:15:36,5347.6800,1
HYH9,17:16:06,5192.4100,2
HYH9,17:16:13,5194.4300,1
HYH9,17:16:14,5399.1000,1
HYH9,17:16:19,5248.9200,1
HYH9,17:17:39,4887.7500,11
HYH9,17:17:47,5044.0600,3
HYH9,17:17:54,5144.0000,1
HYH9,17:18:11,5351.8400,1
HYH9,17:19:28,4936.3200,3
HYH9,17:20:29,5397.0000,1
HYH9,17:24:04,5347.6800,3
HYH9,17:24:04,4936.3200,7
HYH9,17:25:30,5141.0000,1
HYH9,17:25:36,5243.8200,10
HYH9,17:26:12,5037.2000,9
HYH9,17:26:19,5242.8000,2
HYH9,17:26:19,5242.8000,8
HYH9,17:26:19,5088.6000,2
