SECID,TRADETIME,PRICE,QUANTITY
SPH9,19:05:03,17670.7200,1
SPH9,19:05:06,18640.5600,5
SPH9,19:05:06,19009.6800,5
SPH9,19:05:06,18273.4200,2
SPH9,19:05:07,18828.1800,2
SPH9,19:05:07,17721.6000,3
SPH9,19:05:07,18094.7200,2
SPH9,19:05:07,17910.0800,2
SPH9,19:05:07,17726.4000,1
SPH9,19:05:07,18467.0000,2
SPH9,19:05:16,19203.6000,1
SPH9,19:05:16,18095.7000,1
SPH9,19:05:16,19389.3000,2
SPH9,19:05:16,19390.3500,1
SPH9,19:05:16,18097.6600,1
SPH9,19:05:35,18245.7000,1
SPH9,19:06:02,18444.0000,1
SPH9,19:06:04,19184.8800,1
SPH9,19:06:43,17512.3000,1
SPH9,19:06:45,19008.6500,1
SPH9,19:06:52,17906.2000,1
SPH9,19:06:53,19199.4400,2
SPH9,19:06:53,18462.0000,1
SPH9,19:06:53,18834.3000,1
SPH9,19:06:53,19388.2500,1
SPH9,19:07:02,19008.6500,1
SPH9,19:07:05,19004.5300,1
SPH9,19:07:07,19374.6000,1
SPH9,19:07:07,19373.5500,1
SPH9,19:07:07,18819.0000,2
SPH9,19:07:11,18634.5000,2
SPH9,19:09:15,19380.9000,1
SPH9,19:09:18,18086.8800,1
SPH9,19:09:33,18826.1400,2
SPH9,19:09:37,18244.7100,1
SPH9,19:10:33,19350.4500,1
SPH9,19:12:13,18045.7200,1
SPH9,19:12:16,19140.1600,1
SPH9,19:12:52,18404.0000,1
SPH9,19:14:22,17704.3200,1
SPH9,19:14:32,18067.2800,2
SPH9,19:15:17,17508.5000,3
SPH9,19:20:01,18996.2900,1
SPH9,19:20:16,17853.8200,1
SPH9,19:20:24,17860.6100,1
SPH9,19:21:31,17485.7000,2
SPH9,19:21:37,18404.0000,1
SPH9,19:21:37,18034.9400,1
SPH9,19:21:41,18033.9600,1
SPH9,19:21:50,18399.0000,1
SPH9,19:22:04,19134.9600,2
SPH9,19:22:06,18778.2000,1
SPH9,19:23:02,19150.5600,14
SPH9,19:23:53,18765.9600,1
SPH9,19:28:06,18248.6700,1
SPH9,19:29:02,17881.9500,1
SPH9,19:29:03,18602.1800,1
SPH9,19:29:29,18602.1800,1
SPH9,19:29:30,18803.7000,2
SPH9,19:29:30,18989.0800,1
SPH9,19:29:30,19175.5200,1
SPH9,19:33:52,17516.1000,2
SPH9,19:34:11,18616.3200,1
SPH9,19:36:01,18258.5700,1
SPH9,19:36:01,18628.4400,2
SPH9,19:37:04,18262.5300,1
SPH9,19:37:07,18819.0000,1
SPH9,19:37:07,19374.6000,3
SPH9,19:40:06,18271.4400,1
SPH9,19:40:07,19010.7100,3
SPH9,19:40:47,19378.8000,1
SPH9,19:41:09,17712.0000,1
SPH9,19:44:12,17901.3500,1
SPH9,19:45:02,18829.2000,1
SPH9,19:45:02,18645.6100,1
SPH9,19:49:37,18276.3900,1
SPH9,19:49:37,17722.5600,1
SPH9,19:49:45,17541.7500,1
SPH9,19:49:45,18285.3000,1
SPH9,19:50:17,19214.0000,1
SPH9,19:50:17,18845.5200,1
SPH9,19:50:17,18848.5800,3
SPH9,19:50:20,17561.7000,1
SPH9,19:50:22,18121.1800,1
SPH9,19:50:22,18497.0000,3
SPH9,19:50:22,18681.9700,5
SPH9,19:50:23,17757.1200,1
SPH9,19:50:58,19236.8800,1
SPH9,19:54:05,18304.1100,2
SPH9,20:00:12,18476.0000,1
SPH9,20:05:35,19195.2800,1
SPH9,20:08:44,17738.8800,1
SPH9,20:08:44,18478.0000,1
SPH9,20:17:34,17537.0000,1
SPH9,20:17:43,19198.4000,1
SPH9,20:19:44,18084.9200,1
SPH9,20:21:41,17900.3800,1
SPH9,20:23:39,19173.4400,1
SPH9,21:00:01,18252.6300,2
SPH9,21:00:01,19357.8000,1
SPH9,21:00:01,18618.3400,1
SPH9,21:00:01,18802.6800,2
SPH9,21:00:01,18247.6800,1
SPH9,21:00:01,18616.3200,4
SPH9,21:00:01,18983.9300,3
SPH9,21:00:01,19352.5500,3
SPH9,21:00:01,18798.6000,1
SPH9,21:00:01,17502.8000,1
SPH9,21:00:01,18421.0000,1
SPH9,21:00:06,18974.6600,3
SPH9,21:00:06,18786.3600,2
SPH9,21:00:06,19154.7200,2
SPH9,21:00:06,19338.9000,3
SPH9,21:00:48,19345.2000,3
SPH9,21:09:34,18072.1800,1
SPH9,21:10:52,17873.2200,1
SPH9,21:21:15,18635.5100,1
SPH9,21:22:02,17543.6500,1
SPH9,21:35:02,18822.0600,1
SPH9,22:20:29,18098.6400,6
SPH9,22:20:29,18098.6400,15
SPH9,22:20:29,17913.9600,25
SPH9,22:20:29,18468.0000,4
SPH9,22:20:32,18088.8400,2
SPH9,22:22:14,18251.6400,2
SPH9,22:22:14,18804.7200,6
SPH9,22:24:21,17879.0400,1
SPH9,22:56:29,18626.4200,1
SPH9,22:56:29,18994.2300,2
SPH9,22:56:29,17882.9200,2
SPH9,23:06:13,18837.3600,1
SPH9,23:06:14,17544.6000,1
SPH9,23:25:16,18469.0000,1
SPH9,23:27:52,19207.7600,1
SPH9,23:28:47,19023.0700,2
SPH9,23:30:27,18830.2200,1
SPH9,23:39:31,18257.5800,1
SPH9,23:39:31,18072.1800,1
SPH9,23:45:07,17509.4500,1
SPH9,23:48:39,18823.0800,11
SPH9,23:49:52,18084.9200,7
SPH9,23:49:54,18265.5000,1
SPH9,23:49:54,18619.3500,3
SPH9,10:00:01,17730.2400,1
SPH9,10:00:01,18285.3000,1
SPH9,10:00:01,19024.1000,3
SPH9,10:00:01,19393.5000,1
SPH9,10:00:02,18116.2800,1
SPH9,10:00:02,17703.3600,1
SPH9,10:00:02,17931.4200,1
SPH9,10:00:02,18486.0000,1
SPH9,10:00:06,18861.8400,3
SPH9,10:00:06,17753.2800,1
SPH9,10:00:07,19233.7600,1
SPH9,10:00:07,17940.1500,1
SPH9,10:00:07,18313.0200,1
SPH9,10:00:07,18130.0000,1
SPH9,10:00:07,19263.9200,1
SPH9,10:00:07,19269.1200,2
SPH9,10:00:07,19456.5000,2
SPH9,10:00:08,17942.0900,1
SPH9,10:00:08,17942.0900,1
SPH9,10:00:08,18492.0000,1
SPH9,10:00:08,17576.9000,2
SPH9,10:00:08,19427.1000,4
SPH9,10:00:08,17945.0000,1
SPH9,10:00:09,17945.9700,3
SPH9,10:00:09,19425.0000,2
SPH9,10:00:09,17575.0000,1
SPH9,10:00:09,19052.9400,1
SPH9,10:00:09,18679.9500,2
SPH9,10:00:11,18504.0000,3
SPH9,10:00:15,18875.1000,1
SPH9,10:00:15,18134.9000,1
SPH9,10:00:15,18691.0600,1
SPH9,10:00:15,19061.1800,1
SPH9,10:00:15,19061.1800,1
SPH9,10:00:15,18506.0000,1
SPH9,10:00:15,18506.0000,1
SPH9,10:00:16,19437.6000,8
SPH9,10:00:16,18697.1200,2
SPH9,10:00:19,19252.4800,1
SPH9,10:00:23,19256.6400,2
SPH9,10:00:23,18148.6200,4
SPH9,10:00:24,19444.9500,2
SPH9,10:00:24,18519.0000,4
SPH9,10:00:24,18151.5600,1
SPH9,10:00:24,17600.6500,1
SPH9,10:00:25,19453.3500,1
SPH9,10:00:25,18341.7300,2
SPH9,10:00:25,17785.9200,1
SPH9,10:00:25,18156.4600,5
SPH9,10:00:25,18341.7300,10
SPH9,10:00:25,18897.5400,2
SPH9,10:00:25,18527.0000,1
SPH9,10:00:25,19453.3500,1
SPH9,10:00:25,18341.7300,1
SPH9,10:00:25,18712.2700,1
SPH9,10:00:25,18897.5400,1
SPH9,10:00:25,17783.0400,1
SPH9,10:00:25,18707.2200,1
SPH9,10:00:26,19268.0800,3
SPH9,10:00:27,19082.8100,2
SPH9,10:00:31,18149.6000,1
SPH9,10:00:32,19075.6000,1
SPH9,10:00:32,18890.4000,3
SPH9,10:00:32,17594.0000,3
SPH9,10:00:32,18890.4000,1
SPH9,10:00:32,17779.2000,1
SPH9,10:00:32,18332.8200,10
SPH9,10:00:33,17964.4000,8
SPH9,10:00:33,18705.2000,1
SPH9,10:00:33,19075.6000,1
SPH9,10:00:33,19260.8000,1
SPH9,10:00:33,19260.8000,1
SPH9,10:00:33,17964.4000,1
SPH9,10:00:33,19446.0000,3
SPH9,10:00:33,18149.6000,4
SPH9,10:00:33,17594.0000,1
SPH9,10:00:33,17594.0000,1
SPH9,10:00:33,19075.6000,8
SPH9,10:00:33,18146.6600,5
SPH9,10:00:33,18149.6000,10
SPH9,10:00:33,18890.4000,4
SPH9,10:00:34,17964.4000,1
SPH9,10:00:35,19075.6000,4
SPH9,10:00:35,18334.8000,1
SPH9,10:00:35,18705.2000,1
SPH9,10:00:35,19075.6000,8
SPH9,10:00:36,17779.2000,1
SPH9,10:00:36,17594.0000,3
SPH9,10:00:36,17594.0000,1
SPH9,10:00:37,18520.0000,1
SPH9,10:00:37,19260.8000,2
SPH9,10:00:37,19446.0000,1
SPH9,10:00:37,19446.0000,1
SPH9,10:00:37,17779.2000,1
SPH9,10:00:38,18334.8000,1
SPH9,10:00:38,19258.7200,1
SPH9,10:00:40,17788.8000,1
SPH9,10:00:40,18343.7100,5
SPH9,10:00:40,17967.3100,1
SPH9,10:00:41,19271.2000,1
SPH9,10:00:44,19441.8000,2
SPH9,10:00:45,17965.3700,1
SPH9,10:00:45,18150.5800,1
SPH9,10:00:45,18891.4200,2
SPH9,10:00:46,19077.6600,1
SPH9,10:00:46,18151.5600,2
SPH9,10:00:59,18138.8200,4
SPH9,10:00:59,19434.4500,1
SPH9,10:00:59,18694.0900,5
SPH9,10:00:59,18138.8200,3
SPH9,10:00:59,17583.5500,7
SPH9,10:00:59,18138.8200,1
SPH9,10:00:59,18323.9100,2
SPH9,10:00:59,19254.5600,2
SPH9,10:00:59,17965.3700,2
SPH9,10:00:59,19447.0500,2
SPH9,10:00:59,18520.0000,2
SPH9,10:01:00,17977.0100,1
SPH9,10:01:00,18907.7400,1
SPH9,10:01:00,18721.3600,1
SPH9,10:01:01,17969.2500,2
SPH9,10:01:01,18154.5000,1
SPH9,10:01:01,18351.6300,2
SPH9,10:01:01,17795.5200,2
SPH9,10:01:02,17794.5600,2
SPH9,10:01:02,18915.9000,1
SPH9,10:01:02,18722.3700,2
SPH9,10:01:02,17979.9200,2
SPH9,10:01:02,18165.2800,2
SPH9,10:01:03,19277.4400,2
SPH9,10:01:03,17608.2500,2
SPH9,10:01:05,19092.0800,1
SPH9,10:01:05,18358.5600,2
SPH9,10:01:06,17616.8000,1
SPH9,10:01:07,18358.5600,2
SPH9,10:01:07,18914.8800,1
SPH9,10:01:07,17616.8000,1
SPH9,10:01:07,18729.4400,1
SPH9,10:01:08,18359.5500,2
SPH9,10:01:08,18174.1000,2
SPH9,10:01:08,18359.5500,2
SPH9,10:01:08,17803.2000,1
SPH9,10:01:08,19101.3500,1
SPH9,10:01:09,17612.0500,1
SPH9,10:01:13,19100.3200,1
SPH9,10:01:14,17987.6800,1
SPH9,10:01:14,18729.4400,1
SPH9,10:01:14,19471.2000,1
SPH9,10:01:14,19472.2500,1
SPH9,10:01:16,18528.0000,8
SPH9,10:01:16,17785.9200,2
SPH9,10:01:16,19260.8000,1
SPH9,10:01:17,18909.7800,1
SPH9,10:01:24,17965.3700,1
SPH9,10:01:24,18520.0000,4
SPH9,10:01:28,19256.6400,2
SPH9,10:01:29,17960.5200,2
SPH9,10:01:30,17790.7200,1
SPH9,10:01:32,18533.0000,1
SPH9,10:01:35,18532.0000,1
SPH9,10:01:40,18515.0000,2
SPH9,10:01:43,18709.2400,3
SPH9,10:01:45,19084.8700,1
SPH9,10:01:45,18159.4000,2
SPH9,10:01:45,19271.2000,1
SPH9,10:01:45,19085.9000,1
SPH9,10:01:46,18160.3800,1
SPH9,10:01:52,17604.4500,3
SPH9,10:01:52,17972.1600,2
SPH9,10:01:52,17970.2200,2
SPH9,10:02:04,18720.3500,1
SPH9,10:02:05,18892.4400,1
SPH9,10:02:05,18707.2200,4
SPH9,10:02:07,18903.6600,1
SPH9,10:02:11,17964.4000,3
SPH9,10:02:11,19264.9600,1
SPH9,10:02:23,17589.2500,2
SPH9,10:02:26,19079.7200,1
SPH9,10:02:26,18894.4800,1
SPH9,10:02:29,18335.7900,2
SPH9,10:02:29,17594.9500,2
SPH9,10:02:29,19074.5700,10
SPH9,10:02:44,19063.2400,1
SPH9,10:02:46,17771.5200,1
SPH9,10:02:47,17584.5000,1
SPH9,10:02:52,18128.0400,14
SPH9,10:02:52,18320.9400,1
SPH9,10:02:52,17768.6400,1
SPH9,10:03:01,17580.7000,2
SPH9,10:03:17,19244.1600,1
SPH9,10:03:22,17946.9400,1
SPH9,10:03:30,19061.1800,1
SPH9,10:03:30,19062.2100,1
SPH9,10:03:30,18141.7600,1
SPH9,10:03:30,18325.8900,1
SPH9,10:03:30,18881.2200,1
SPH9,10:03:30,18511.0000,2
SPH9,10:03:31,19251.4400,1
SPH9,10:03:35,18683.9900,5
SPH9,10:03:35,17944.0300,5
SPH9,10:03:48,19247.2800,1
SPH9,10:04:18,19085.9000,1
SPH9,10:04:24,19444.9500,5
SPH9,10:04:43,17785.9200,1
SPH9,10:04:47,18341.7300,1
SPH9,10:04:52,17594.0000,1
SPH9,10:04:52,18149.6000,1
SPH9,10:04:53,19446.0000,2
SPH9,10:06:06,17599.7000,1
SPH9,10:06:34,19438.6500,1
SPH9,10:07:12,18878.1600,1
SPH9,10:07:12,17952.7600,1
SPH9,10:07:13,19074.5700,1
SPH9,10:07:53,18695.1000,1
SPH9,10:08:13,18328.8600,1
SPH9,10:08:14,18514.0000,1
SPH9,10:08:14,17958.5800,1
SPH9,10:08:14,17958.5800,1
SPH9,10:08:14,19439.7000,1
SPH9,10:08:14,18514.0000,1
SPH9,10:08:27,17761.9200,1
SPH9,10:08:27,18872.0400,4
SPH9,10:08:39,18516.0000,1
SPH9,10:09:09,18706.2100,1
SPH9,10:09:11,17775.3600,1
SPH9,10:10:00,18702.1700,1
SPH9,10:10:00,18147.6400,1
SPH9,10:10:01,19073.5400,2
SPH9,10:10:01,18332.8200,1
SPH9,10:10:01,18519.0000,1
SPH9,10:10:01,18147.6400,1
SPH9,10:10:01,19073.5400,1
SPH9,10:10:01,18704.1900,1
SPH9,10:10:01,18150.5800,1
SPH9,10:10:06,18153.5200,1
SPH9,10:10:13,17592.1000,1
SPH9,10:10:15,17594.9500,2
SPH9,10:10:15,19077.6600,1
SPH9,10:10:15,17781.1200,1
SPH9,10:10:15,18707.2200,1
SPH9,10:10:15,19450.2000,1
SPH9,10:10:15,19450.2000,1
SPH9,10:10:16,18524.0000,1
SPH9,10:10:16,19267.0400,1
SPH9,10:10:16,18526.0000,1
SPH9,10:10:18,19073.5400,2
SPH9,10:10:19,18145.6800,2
SPH9,10:10:19,19441.8000,2
SPH9,10:10:19,18700.1500,1
SPH9,10:10:33,18148.6200,2
SPH9,10:10:34,19249.3600,1
SPH9,10:10:36,17777.2800,1
SPH9,10:10:43,18152.5400,1
SPH9,10:10:43,19263.9200,1
SPH9,10:10:43,18523.0000,1
SPH9,10:10:44,19263.9200,1
SPH9,10:10:44,18152.5400,1
SPH9,10:12:09,18705.2000,1
SPH9,10:12:33,18327.8700,2
SPH9,10:12:37,17956.6400,1
SPH9,10:13:37,19441.8000,4
SPH9,10:13:37,17775.3600,10
SPH9,10:14:38,18704.1900,1
SPH9,10:14:54,18524.0000,1
SPH9,10:14:58,19454.4000,1
SPH9,10:15:01,19441.8000,2
SPH9,10:15:47,19086.9300,5
SPH9,10:15:47,18347.6700,2
SPH9,10:15:47,18718.3300,9
SPH9,10:15:47,18347.6700,1
SPH9,10:15:47,18718.3300,4
SPH9,10:15:47,19090.0200,8
SPH9,10:15:47,17977.9800,6
SPH9,10:15:47,18163.3200,10
SPH9,10:15:47,17979.9200,5
SPH9,10:15:47,19092.0800,10
SPH9,10:15:47,18906.7200,3
SPH9,10:15:47,19279.5200,2
SPH9,10:15:48,17803.2000,1
SPH9,10:15:48,19286.8000,1
SPH9,10:15:49,18729.4400,1
SPH9,10:15:52,19085.9000,1
SPH9,10:16:00,18351.6300,1
SPH9,10:16:01,17611.1000,1
SPH9,10:16:02,18355.5900,1
SPH9,10:16:13,18355.5900,2
SPH9,10:16:13,18726.4100,1
SPH9,10:16:13,18726.4100,2
SPH9,10:16:13,17802.2400,1
SPH9,10:16:14,17989.6200,5
SPH9,10:16:15,17807.0400,1
SPH9,10:16:17,19292.0000,1
SPH9,10:16:17,17622.5000,1
SPH9,10:16:17,17622.5000,1
SPH9,10:16:17,19109.5900,2
SPH9,10:16:17,17808.9600,2
SPH9,10:16:23,17627.2500,1
SPH9,10:16:23,18744.5900,1
SPH9,10:16:23,17818.5600,2
SPH9,10:16:23,18746.6100,1
SPH9,10:16:23,19489.0500,1
SPH9,10:16:23,19307.6000,3
SPH9,10:16:23,18935.2800,1
SPH9,10:16:23,18007.0800,1
SPH9,10:16:23,18192.7200,1
SPH9,10:16:23,17821.4400,1
SPH9,10:16:23,18193.7000,1
SPH9,10:16:23,18751.6600,1
SPH9,10:16:23,19308.6400,1
SPH9,10:16:23,18379.3500,1
SPH9,10:16:23,19121.9500,1
SPH9,10:16:23,18750.6500,1
SPH9,10:16:23,17822.4000,1
SPH9,10:16:23,18193.7000,1
SPH9,10:16:23,18936.3000,1
SPH9,10:16:23,17823.3600,1
SPH9,10:16:23,19494.3000,1
SPH9,10:16:23,18009.0200,1
SPH9,10:16:23,19307.6000,2
SPH9,10:16:23,18937.3200,1
SPH9,10:16:23,19308.6400,1
SPH9,10:16:23,18938.3400,1
SPH9,10:16:23,17638.6500,1
SPH9,10:16:23,19495.3500,2
SPH9,10:16:23,18381.3300,3
SPH9,10:16:23,18009.9900,1
SPH9,10:16:24,19124.0100,1
SPH9,10:16:24,18752.6700,1
SPH9,10:16:24,17824.3200,1
SPH9,10:16:24,18195.6600,1
SPH9,10:16:24,17638.6500,1
SPH9,10:16:24,19124.0100,2
SPH9,10:16:24,18567.0000,1
SPH9,10:16:24,19309.6800,1
SPH9,10:16:24,18195.6600,1
SPH9,10:16:24,19495.3500,1
SPH9,10:16:24,19124.0100,1
SPH9,10:16:24,18938.3400,1
SPH9,10:16:24,17638.6500,1
SPH9,10:16:24,18939.3600,1
SPH9,10:16:24,19125.0400,1
SPH9,10:16:24,18379.3500,1
SPH9,10:16:24,17820.4800,1
SPH9,10:16:24,18192.7200,1
SPH9,10:16:24,17819.5200,1
SPH9,10:16:24,18933.2400,1
SPH9,10:16:24,18935.2800,1
SPH9,10:16:24,18561.0000,1
SPH9,10:16:24,18561.0000,1
SPH9,10:16:24,18564.0000,1
SPH9,10:16:24,17820.4800,2
SPH9,10:16:25,17624.4000,4
SPH9,10:16:26,17626.3000,1
SPH9,10:16:28,19114.7400,1
SPH9,10:16:28,18372.4200,1
SPH9,10:16:28,17815.6800,1
SPH9,10:16:28,18372.4200,1
SPH9,10:16:28,18001.2600,1
SPH9,10:16:28,18561.0000,1
SPH9,10:16:28,17632.9500,2
SPH9,10:16:28,19119.8900,2
SPH9,10:16:28,17820.4800,1
SPH9,10:16:39,18931.2000,2
SPH9,10:16:39,18188.8000,10
SPH9,10:16:39,18560.0000,11
SPH9,10:16:39,18374.4000,11
SPH9,10:16:39,17632.0000,16
SPH9,10:16:39,17816.6400,2
SPH9,10:16:39,18186.8400,2
SPH9,10:16:39,18929.1600,2
SPH9,10:17:03,17631.0500,1
SPH9,10:17:03,19115.7700,1
SPH9,10:17:03,18373.4100,1
SPH9,10:17:03,19304.4800,2
SPH9,10:17:13,18004.1700,1
SPH9,10:17:16,18746.6100,1
SPH9,10:17:31,18181.9400,1
SPH9,10:17:49,18732.4700,4
SPH9,10:17:49,17618.7000,1
SPH9,10:17:51,17991.5600,3
SPH9,10:19:08,17797.4400,2
SPH9,10:19:08,19095.1700,1
SPH9,10:19:08,18533.0000,2
SPH9,10:19:08,18347.6700,8
SPH9,10:19:27,18526.0000,4
SPH9,10:19:27,18155.4800,1
SPH9,10:19:34,18169.2000,2
SPH9,10:20:02,18912.8400,1
SPH9,10:20:13,17983.8000,2
SPH9,10:21:38,19272.2400,3
SPH9,10:21:38,18345.6900,1
SPH9,10:21:43,17970.2200,2
SPH9,10:21:43,17599.7000,4
SPH9,10:21:43,18154.5000,2
SPH9,10:21:43,18894.4800,22
SPH9,10:22:49,18901.6200,1
SPH9,10:23:16,18166.2600,4
SPH9,10:23:16,18907.7400,1
SPH9,10:23:16,19096.2000,4
SPH9,10:23:16,19467.0000,4
SPH9,10:23:25,18544.0000,1
SPH9,10:23:47,17611.1000,1
SPH9,10:24:07,17618.7000,1
SPH9,10:24:11,17622.5000,1
SPH9,10:24:25,17796.4800,1
SPH9,10:24:53,18169.2000,1
SPH9,10:25:20,17620.6000,10
SPH9,10:25:20,17808.0000,14
SPH9,10:25:20,19292.0000,1
SPH9,10:25:24,17622.5000,4
SPH9,10:25:27,17623.4500,1
SPH9,10:26:10,18366.4800,1
SPH9,10:26:10,17809.9200,4
SPH9,10:26:10,18182.9200,5
SPH9,10:26:11,19111.6500,1
SPH9,10:26:12,18180.9600,3
SPH9,10:26:12,17627.2500,1
SPH9,10:26:18,18181.9400,1
SPH9,10:27:07,17986.7100,1
SPH9,10:28:27,18170.1800,2
SPH9,10:28:28,17614.9000,2
SPH9,10:28:28,17985.7400,1
SPH9,10:29:06,19280.5600,7
SPH9,10:29:06,17982.8300,1
SPH9,10:29:06,17796.4800,2
SPH9,10:29:11,17612.0500,2
SPH9,10:29:11,17981.8600,1
SPH9,10:29:14,17611.1000,2
SPH9,10:29:21,17609.2000,4
SPH9,10:30:25,18361.5300,4
SPH9,10:30:50,18365.4900,3
SPH9,10:30:50,17995.4400,7
SPH9,10:30:50,19295.1200,2
SPH9,10:30:50,18924.0600,8
SPH9,10:30:50,19296.1600,10
SPH9,10:31:02,19107.5300,1
SPH9,10:32:53,17611.1000,10
SPH9,10:33:02,17977.0100,5
SPH9,10:33:02,17791.6800,3
SPH9,10:33:03,18898.5600,1
SPH9,10:33:07,18154.5000,1
SPH9,10:33:14,19266.0000,6
SPH9,10:33:32,18152.5400,1
SPH9,10:33:51,19451.2500,1
SPH9,10:34:00,18158.4200,1
SPH9,10:35:29,17595.9000,1
SPH9,10:36:03,17783.0400,2
SPH9,10:37:05,17776.3200,1
SPH9,10:37:08,17594.9500,2
SPH9,10:37:08,18336.7800,2
SPH9,10:37:08,17595.9000,1
SPH9,10:37:08,17781.1200,10
SPH9,10:37:08,17782.0800,4
SPH9,10:37:08,18895.5000,2
SPH9,10:37:08,18527.0000,2
SPH9,10:37:08,17601.6000,1
SPH9,10:37:08,17601.6000,13
SPH9,10:37:08,18708.2300,5
SPH9,10:37:08,18151.5600,7
SPH9,10:37:08,17784.0000,1
SPH9,10:37:08,18525.0000,1
SPH9,10:37:14,18326.8800,1
SPH9,10:37:17,18143.7200,3
SPH9,10:37:27,18139.8000,2
SPH9,10:37:28,17953.7300,1
SPH9,10:37:29,17952.7600,1
SPH9,10:37:29,18507.0000,2
SPH9,10:37:29,18875.1000,2
SPH9,10:37:29,19058.0900,1
SPH9,10:37:38,17770.5600,4
SPH9,10:37:38,18882.2400,1
SPH9,10:37:38,19070.4500,2
SPH9,10:38:01,17778.2400,2
SPH9,10:38:04,17594.0000,7
SPH9,10:38:18,19082.8100,1
SPH9,10:38:25,18332.8200,1
SPH9,10:39:25,17593.0500,1
SPH9,10:40:10,18883.2600,2
SPH9,10:40:10,18142.7400,3
SPH9,10:41:44,18704.1900,1
SPH9,10:43:07,18895.5000,1
SPH9,10:43:09,18154.5000,17
SPH9,10:43:09,19080.7500,7
SPH9,10:43:10,17784.0000,3
SPH9,10:43:10,17598.7500,1
SPH9,10:43:10,18710.2500,2
SPH9,10:43:10,18339.7500,2
SPH9,10:43:11,19080.7500,1
SPH9,10:43:11,19451.2500,7
SPH9,10:43:11,19080.7500,4
SPH9,10:43:21,17784.0000,6
SPH9,10:44:09,19080.7500,1
SPH9,10:44:22,19272.2400,1
SPH9,10:44:52,19451.2500,1
SPH9,10:45:14,17968.2800,1
SPH9,10:45:14,18153.5200,1
SPH9,10:45:14,18894.4800,1
SPH9,10:45:14,18524.0000,1
SPH9,10:45:14,17596.8500,1
SPH9,10:45:14,17596.8500,1
SPH9,10:45:14,18337.7700,1
SPH9,10:45:14,18523.0000,1
SPH9,10:45:14,18338.7600,1
SPH9,10:45:14,18894.4800,1
SPH9,10:45:15,17967.3100,1
SPH9,10:46:53,18904.6800,1
SPH9,10:47:00,19450.2000,1
SPH9,10:48:14,18518.0000,1
SPH9,10:48:14,19258.7200,1
SPH9,10:48:14,19072.5100,1
SPH9,10:48:14,18146.6600,3
SPH9,10:48:14,17961.4900,1
SPH9,10:48:15,19440.7500,1
SPH9,10:48:18,18701.1600,1
SPH9,10:48:20,18516.0000,1
SPH9,10:48:20,18701.1600,1
SPH9,10:48:22,17960.5200,1
SPH9,10:48:35,19069.4200,1
SPH9,10:48:42,18143.7200,1
SPH9,10:48:42,18328.8600,3
SPH9,10:48:42,18143.7200,1
SPH9,10:48:42,17589.2500,1
SPH9,10:48:42,17589.2500,1
SPH9,10:48:42,18700.1500,1
SPH9,10:48:42,18329.8500,1
SPH9,10:48:42,18144.7000,1
SPH9,10:48:42,17774.4000,1
SPH9,10:48:42,18889.3800,1
SPH9,10:48:42,17593.0500,1
SPH9,10:48:42,18329.8500,1
SPH9,10:48:42,18329.8500,1
SPH9,10:49:26,18152.5400,4
SPH9,10:49:26,17967.3100,2
SPH9,10:49:38,19261.8400,1
SPH9,10:51:03,18530.0000,2
SPH9,10:51:04,18531.0000,4
SPH9,10:51:04,17791.6800,8
SPH9,10:51:04,18163.3200,5
SPH9,10:51:04,18719.3400,10
SPH9,10:51:04,17977.0100,8
SPH9,10:51:04,17977.0100,2
SPH9,10:51:04,18718.3300,2
SPH9,10:51:04,17977.0100,2
SPH9,10:51:06,18718.3300,1
SPH9,10:51:06,18533.0000,8
SPH9,10:51:07,19271.2000,1
SPH9,10:52:09,18905.7000,1
SPH9,10:54:17,17609.2000,1
SPH9,10:56:24,19094.1400,2
SPH9,10:56:33,19450.2000,1
SPH9,10:56:33,18524.0000,1
SPH9,10:56:33,18894.4800,1
SPH9,10:56:33,18908.7600,1
SPH9,10:58:54,17982.8300,2
SPH9,11:00:00,18529.0000,1
SPH9,11:00:01,19084.8700,1
SPH9,11:00:01,18714.2900,1
SPH9,11:00:01,18343.7100,1
SPH9,11:00:17,19465.9500,1
SPH9,11:00:20,17983.8000,1
SPH9,11:00:42,17615.8500,1
SPH9,11:00:56,19292.0000,1
SPH9,11:01:01,17808.0000,1
SPH9,11:02:01,17997.3800,2
SPH9,11:02:02,19479.6000,3
SPH9,11:02:22,18919.9800,1
SPH9,11:02:24,18734.4900,1
SPH9,11:03:03,19476.4500,1
SPH9,11:03:32,18169.2000,1
SPH9,11:03:32,18538.0000,2
SPH9,11:03:32,19094.1400,6
SPH9,11:03:32,19278.4800,1
SPH9,11:03:34,17982.8300,3
SPH9,11:04:35,18723.3800,1
SPH9,11:04:38,19094.1400,2
SPH9,11:04:38,18721.3600,3
SPH9,11:04:38,18535.0000,5
SPH9,11:04:51,18905.7000,5
SPH9,11:07:47,17601.6000,1
SPH9,11:07:47,19079.7200,1
SPH9,11:07:49,18152.5400,3
SPH9,11:07:49,17782.0800,5
SPH9,11:07:51,19263.9200,1
SPH9,11:07:59,17967.3100,1
SPH9,11:07:59,19263.9200,1
SPH9,11:08:03,18152.5400,2
SPH9,11:08:03,18521.0000,5
SPH9,11:08:03,18333.8100,1
SPH9,11:08:06,19262.8800,1
SPH9,11:08:13,18522.0000,1
SPH9,11:08:13,18522.0000,2
SPH9,11:08:13,19077.6600,6
SPH9,11:08:16,18707.2200,2
SPH9,11:08:16,18336.7800,1
SPH9,11:08:17,18336.7800,1
SPH9,11:08:31,19447.0500,1
SPH9,11:08:41,18150.5800,1
SPH9,11:08:44,17594.9500,1
SPH9,11:08:50,18521.0000,7
SPH9,11:08:50,18706.2100,7
SPH9,11:08:55,19084.8700,2
SPH9,11:08:56,18344.7000,2
SPH9,11:08:56,19271.2000,4
SPH9,11:09:08,18899.5800,1
SPH9,11:09:26,18708.2300,1
SPH9,11:09:29,17972.1600,1
SPH9,11:10:00,17968.2800,1
SPH9,11:10:36,18530.0000,1
SPH9,11:10:37,18159.4000,7
SPH9,11:10:37,18901.6200,2
SPH9,11:11:34,18152.5400,1
SPH9,11:12:00,18522.0000,2
SPH9,11:12:27,17586.4000,1
SPH9,11:12:30,19254.5600,3
SPH9,11:13:31,17945.9700,6
SPH9,11:13:32,19426.0500,1
SPH9,11:13:38,19056.0300,1
SPH9,11:13:55,18134.9000,1
SPH9,11:14:09,18519.0000,1
SPH9,11:17:37,18884.2800,2
SPH9,11:17:49,17775.3600,1
SPH9,11:17:52,19250.4000,1
SPH9,11:20:05,19067.3600,1
SPH9,11:20:06,18512.0000,2
SPH9,11:20:33,17777.2800,1
SPH9,11:20:33,19074.5700,8
SPH9,11:20:33,19446.0000,1
SPH9,11:22:30,18333.8100,1
SPH9,11:24:07,18540.0000,2
SPH9,11:24:09,19279.5200,3
SPH9,11:25:03,18537.0000,1
SPH9,11:25:50,19280.5600,1
SPH9,11:25:50,18909.7800,6
SPH9,11:25:50,19095.1700,3
SPH9,11:26:13,18910.8000,2
SPH9,11:26:13,17798.4000,1
SPH9,11:26:13,17798.4000,7
SPH9,11:26:59,19472.2500,1
SPH9,11:28:02,17803.2000,1
SPH9,11:30:01,18555.0000,1
SPH9,11:30:02,17998.3500,1
SPH9,11:30:02,17627.2500,8
SPH9,11:30:49,19106.5000,1
SPH9,11:31:18,19477.5000,1
SPH9,11:32:36,17808.0000,2
SPH9,11:32:50,18364.5000,7
SPH9,11:32:50,17622.5000,2
SPH9,11:32:50,18179.0000,1
SPH9,11:32:50,18179.0000,1
SPH9,11:33:17,18179.0000,3
SPH9,11:34:00,17988.6500,6
SPH9,11:34:00,18545.0000,2
SPH9,11:34:03,17615.8500,2
SPH9,11:34:03,18172.1400,5
SPH9,11:34:03,18357.5700,2
SPH9,11:34:03,19284.7200,4
SPH9,11:34:03,18173.1200,1
SPH9,11:34:03,18544.0000,18
SPH9,11:34:03,19472.2500,5
SPH9,11:34:03,17803.2000,12
SPH9,11:34:03,17988.6500,1
SPH9,11:34:04,17986.7100,2
SPH9,11:34:05,18730.4500,12
SPH9,11:34:05,17617.7500,1
SPH9,11:34:05,19472.2500,2
SPH9,11:34:05,17617.7500,12
SPH9,11:34:05,17988.6500,2
SPH9,11:34:05,17803.2000,2
SPH9,11:35:13,18177.0400,2
SPH9,11:35:13,17806.0800,1
SPH9,11:35:27,19104.4400,2
SPH9,11:35:27,18362.5200,2
SPH9,11:35:32,17806.0800,6
SPH9,11:35:32,18733.4800,3
SPH9,11:35:32,18918.9600,7
SPH9,11:35:32,19289.9200,2
SPH9,11:35:32,19104.4400,3
SPH9,11:35:32,18915.9000,1
SPH9,11:35:32,19099.2900,2
SPH9,11:35:32,18542.0000,1
SPH9,11:35:32,19098.2600,1
SPH9,11:35:32,19099.2900,1
SPH9,11:35:32,19099.2900,1
SPH9,11:35:32,17983.8000,2
SPH9,11:35:32,18172.1400,1
SPH9,11:36:00,19092.0800,1
SPH9,11:37:58,19281.6000,2
SPH9,11:38:23,17615.8500,1
SPH9,11:38:54,17617.7500,1
SPH9,11:38:58,17618.7000,2
SPH9,11:39:59,19287.8400,2
SPH9,11:39:59,19288.8800,5
SPH9,11:40:31,18551.0000,1
SPH9,11:40:38,17811.8400,1
SPH9,11:41:16,17618.7000,1
SPH9,11:42:38,17803.2000,1
SPH9,11:43:32,19277.4400,5
SPH9,11:43:56,18164.3000,5
SPH9,11:45:21,17977.9800,10
SPH9,11:45:34,18721.3600,1
SPH9,11:47:00,17974.1000,1
SPH9,11:47:00,19085.9000,4
SPH9,11:47:00,17603.5000,1
SPH9,11:47:00,18900.6000,1
SPH9,11:47:00,18530.0000,1
SPH9,11:47:00,17603.5000,1
SPH9,11:47:00,18344.7000,1
SPH9,11:47:00,19456.5000,2
SPH9,11:47:00,19085.9000,2
SPH9,11:47:00,18344.7000,3
SPH9,11:47:03,19456.5000,5
SPH9,11:47:03,19456.5000,12
SPH9,11:47:03,18900.6000,1
SPH9,11:47:03,18530.0000,1
SPH9,11:47:03,19456.5000,1
SPH9,11:47:03,19271.2000,1
SPH9,11:47:03,18530.0000,1
SPH9,11:47:03,19456.5000,1
SPH9,11:47:04,19456.5000,2
SPH9,11:47:04,18159.4000,1
SPH9,11:47:04,17974.1000,5
SPH9,11:47:04,18159.4000,1
SPH9,11:47:08,18715.3000,1
SPH9,11:47:16,18528.0000,2
SPH9,11:47:16,17785.9200,1
SPH9,11:47:16,19082.8100,1
SPH9,11:47:16,18897.5400,11
SPH9,11:47:36,17602.5500,3
SPH9,11:47:44,19453.3500,3
SPH9,11:49:15,18712.2700,2
SPH9,11:49:57,18337.7700,1
SPH9,11:50:47,18153.5200,7
SPH9,11:51:12,17784.0000,7
SPH9,11:51:12,19079.7200,10
SPH9,11:51:12,19078.6900,1
SPH9,11:51:12,18151.5600,6
SPH9,11:51:12,18150.5800,7
SPH9,11:51:12,18890.4000,2
SPH9,11:51:12,17780.1600,2
SPH9,11:51:12,18147.6400,2
SPH9,11:51:12,18890.4000,4
SPH9,11:51:12,19444.9500,1
SPH9,11:51:18,18143.7200,1
SPH9,11:51:20,17960.5200,3
SPH9,11:51:30,18880.2000,1
SPH9,11:51:33,17947.9100,9
SPH9,11:51:33,19428.1500,2
SPH9,11:51:44,18692.0700,3
SPH9,11:52:32,19435.5000,1
SPH9,11:52:32,18690.0500,1
SPH9,11:52:45,17952.7600,1
SPH9,11:52:45,18878.1600,1
SPH9,11:53:06,17958.5800,2
SPH9,11:54:38,18145.6800,1
SPH9,11:54:44,18703.1800,1
SPH9,11:54:49,18887.3400,1
SPH9,11:55:28,18705.2000,5
SPH9,11:55:28,19444.9500,5
SPH9,11:55:29,18147.6400,2
SPH9,11:56:27,19077.6600,1
SPH9,11:56:27,19448.1000,1
SPH9,11:56:28,19435.5000,1
SPH9,11:56:28,18880.2000,1
SPH9,11:57:01,18889.3800,1
SPH9,11:57:09,18335.7900,2
SPH9,11:58:01,18325.8900,1
SPH9,11:58:03,18322.9200,2
SPH9,12:01:04,17777.2800,10
SPH9,12:01:56,18328.8600,5
SPH9,12:02:28,19258.7200,1
SPH9,12:02:37,19248.3200,1
SPH9,12:02:37,18693.0800,1
SPH9,12:02:44,18135.8800,1
SPH9,12:02:56,18874.0800,1
SPH9,12:02:58,17577.8500,3
SPH9,12:02:58,19056.0300,2
SPH9,12:02:58,18686.0100,1
SPH9,12:02:58,18866.9400,1
SPH9,12:02:59,19421.8500,1
SPH9,12:02:59,18312.0300,1
SPH9,12:02:59,19418.7000,1
SPH9,12:02:59,17754.2400,4
SPH9,12:02:59,18862.8600,4
SPH9,12:03:00,19233.7600,1
SPH9,12:03:00,18308.0700,1
SPH9,12:03:17,19053.9700,4
SPH9,12:03:17,19053.9700,1
SPH9,12:03:17,18308.0700,1
SPH9,12:03:17,19417.6500,4
SPH9,12:03:20,17752.3200,5
SPH9,12:03:20,18122.1600,5
SPH9,12:03:20,18122.1600,1
SPH9,12:03:45,19038.5200,3
SPH9,12:03:45,19408.2000,2
SPH9,12:03:45,18667.8300,1
SPH9,12:03:45,18478.0000,1
SPH9,12:03:45,19402.9500,1
SPH9,12:03:45,17555.0500,1
SPH9,12:03:45,18478.0000,1
SPH9,12:03:45,17554.1000,1
SPH9,12:03:45,18290.2500,1
SPH9,12:03:47,19212.9600,1
SPH9,12:03:47,18103.5400,1
SPH9,12:04:06,19409.2500,1
SPH9,12:05:23,17744.6400,1
SPH9,12:05:23,18293.2200,2
SPH9,12:05:31,18295.2000,2
SPH9,12:05:32,18846.5400,1
SPH9,12:05:33,19216.0800,2
SPH9,12:05:34,17920.7500,1
SPH9,12:05:39,17736.0000,1
SPH9,12:05:39,18659.7500,2
SPH9,12:05:39,18290.2500,1
SPH9,12:05:39,18656.7200,1
SPH9,12:05:39,18656.7200,5
SPH9,12:05:39,18841.4400,4
SPH9,12:05:45,17912.0200,1
SPH9,12:05:45,18095.7000,1
SPH9,12:05:45,17726.4000,1
SPH9,12:05:45,19018.9500,1
SPH9,12:05:45,17911.0500,1
SPH9,12:05:45,19016.8900,1
SPH9,12:05:46,18464.0000,3
SPH9,12:05:46,18463.0000,1
SPH9,12:05:46,18645.6100,1
SPH9,12:05:46,19384.0500,1
SPH9,12:05:47,19199.4400,1
SPH9,12:05:47,17907.1700,1
SPH9,12:05:47,19383.0000,1
SPH9,12:05:47,19014.8300,1
SPH9,12:05:47,17905.2300,1
SPH9,12:05:50,18087.8600,1
SPH9,12:05:57,17534.1500,1
SPH9,12:05:57,19010.7100,1
SPH9,12:05:58,17903.2900,2
SPH9,12:06:07,18283.3200,4
SPH9,12:06:07,18283.3200,1
SPH9,12:06:17,19195.2800,3
SPH9,12:06:17,19379.8500,1
SPH9,12:06:46,19387.2000,1
SPH9,12:06:55,18821.0400,1
SPH9,12:06:55,19005.5600,1
SPH9,12:06:56,19003.5000,1
SPH9,12:06:56,17527.5000,1
SPH9,12:06:56,18448.0000,1
SPH9,12:06:56,18632.4800,1
SPH9,12:06:56,18073.1600,1
SPH9,12:06:57,18624.4000,2
SPH9,12:06:57,19177.6000,1
SPH9,12:06:57,17886.8000,1
SPH9,12:06:57,18255.6000,1
SPH9,12:06:58,17887.7700,1
SPH9,12:07:03,18450.0000,1
SPH9,12:07:03,17897.4700,1
SPH9,12:07:23,19012.7700,3
SPH9,12:07:23,19197.3600,1
SPH9,12:08:00,19178.6400,1
SPH9,12:08:16,17704.3200,1
SPH9,12:09:01,18081.0000,2
SPH9,12:09:27,17904.2600,1
SPH9,12:09:29,18267.4800,1
SPH9,12:09:58,18090.8000,1
SPH9,12:10:17,17528.4500,2
SPH9,12:10:17,18266.4900,2
SPH9,12:11:16,17719.6800,1
SPH9,12:11:33,19002.4700,1
SPH9,12:11:34,19002.4700,1
SPH9,12:12:29,17883.8900,1
SPH9,12:12:32,18621.3700,1
SPH9,12:12:32,17883.8900,1
SPH9,12:12:39,18252.6300,1
SPH9,12:12:39,18068.2600,1
SPH9,12:12:39,17699.5200,1
SPH9,12:12:49,18066.3000,1
SPH9,12:12:49,17513.2500,1
SPH9,12:12:49,17510.4000,1
SPH9,12:12:49,17509.4500,1
SPH9,12:12:49,17691.8400,4
SPH9,12:13:00,18059.4400,1
SPH9,12:13:00,17874.1900,1
SPH9,12:13:00,19347.3000,1
SPH9,12:13:00,19163.0400,1
SPH9,12:13:00,19164.0800,2
SPH9,12:13:00,17874.1900,1
SPH9,12:13:00,18979.8100,1
SPH9,12:13:00,17504.7000,1
SPH9,12:13:01,17874.1900,1
SPH9,12:13:01,18795.5400,1
SPH9,12:13:02,19348.3500,1
SPH9,12:13:02,18611.2700,1
SPH9,12:13:02,17688.9600,1
SPH9,12:13:16,17508.5000,1
SPH9,12:13:16,18982.9000,1
SPH9,12:13:16,18798.6000,2
SPH9,12:13:16,17508.5000,1
SPH9,12:13:16,18980.8400,2
SPH9,12:13:16,17689.9200,1
SPH9,12:13:17,18611.2700,1
SPH9,12:13:19,17505.6500,1
SPH9,12:13:19,18979.8100,1
SPH9,12:13:19,18427.0000,2
SPH9,12:13:30,19164.0800,2
SPH9,12:13:30,18058.4600,11
SPH9,12:13:30,17874.1900,8
SPH9,12:13:30,19348.3500,14
SPH9,12:13:52,19356.7500,5
SPH9,12:14:01,18799.6200,1
SPH9,12:14:12,17882.9200,4
SPH9,12:14:41,18245.7000,1
SPH9,12:14:41,17883.8900,2
SPH9,12:14:41,19175.5200,1
SPH9,12:15:01,17518.9500,1
SPH9,12:15:04,17883.8900,1
SPH9,12:15:14,18804.7200,3
SPH9,12:15:51,17709.1200,2
SPH9,12:15:51,19185.9200,1
SPH9,12:15:51,17894.5600,1
SPH9,12:15:54,17710.0800,5
SPH9,12:16:00,19181.7600,3
SPH9,12:16:20,17533.2000,1
SPH9,12:16:25,18093.7400,1
SPH9,12:16:28,17719.6800,1
SPH9,12:17:44,18644.6000,1
SPH9,12:20:42,17717.7600,1
SPH9,12:21:13,18817.9800,1
SPH9,12:21:38,18447.0000,5
SPH9,12:24:30,18078.0600,1
SPH9,12:24:30,17519.9000,1
SPH9,12:24:30,18626.4200,1
SPH9,12:24:30,19365.1500,2
SPH9,12:24:30,17889.7100,3
SPH9,12:24:30,17889.7100,2
SPH9,12:24:30,19364.1000,3
SPH9,12:24:45,17703.3600,1
SPH9,12:24:45,18993.2000,1
SPH9,12:24:45,17518.0000,1
SPH9,12:24:45,17699.5200,2
SPH9,12:24:45,19357.8000,2
SPH9,12:24:46,18065.3200,1
SPH9,12:24:46,17878.0700,1
SPH9,12:25:03,19176.5600,1
SPH9,12:25:31,18255.6000,4
SPH9,12:25:31,19178.6400,1
SPH9,12:25:49,17524.6500,1
SPH9,12:25:49,18262.5300,2
SPH9,12:26:04,18262.5300,2
SPH9,12:26:42,17519.9000,1
SPH9,12:26:42,19364.1000,3
SPH9,12:28:40,17524.6500,7
SPH9,12:30:08,17527.5000,1
SPH9,12:30:09,17893.5900,8
SPH9,12:30:09,19006.5900,2
SPH9,12:30:09,19196.3200,2
SPH9,12:30:09,17904.2600,6
SPH9,12:30:09,17527.5000,8
SPH9,12:30:09,19377.7500,2
SPH9,12:30:09,17716.8000,8
SPH9,12:30:15,18261.5400,1
SPH9,12:30:15,19368.3000,1
SPH9,12:30:15,17524.6500,1
SPH9,12:30:15,18631.4700,1
SPH9,12:31:17,17708.1600,2
SPH9,12:31:17,17892.6200,4
SPH9,12:31:17,17523.7000,2
SPH9,12:31:31,18814.9200,2
SPH9,12:31:31,18999.3800,2
SPH9,12:31:36,18076.1000,1
SPH9,12:31:36,17708.1600,1
SPH9,12:31:36,18814.9200,1
SPH9,12:32:17,17718.7200,1
SPH9,12:32:17,17534.1500,2
SPH9,12:32:53,18827.1600,2
SPH9,12:32:53,19380.9000,2
SPH9,12:33:16,19383.0000,5
SPH9,12:33:18,17721.6000,1
SPH9,12:33:18,18832.2600,1
SPH9,12:34:01,17710.0800,1
SPH9,12:34:11,19195.2800,2
SPH9,12:34:42,18076.1000,5
SPH9,12:35:08,19379.8500,1
SPH9,12:35:08,17718.7200,1
SPH9,12:35:08,18457.0000,2
SPH9,12:35:14,18089.8200,1
SPH9,12:35:19,17724.4800,1
SPH9,12:35:23,19016.8900,1
SPH9,12:35:28,18832.2600,1
SPH9,12:35:29,18463.0000,1
SPH9,12:35:29,18278.3700,1
SPH9,12:35:30,18648.6400,2
SPH9,12:35:30,18093.7400,1
SPH9,12:35:34,18641.5700,2
SPH9,12:35:39,19388.2500,1
SPH9,12:35:39,19203.6000,10
SPH9,12:35:39,17911.0500,5
SPH9,12:35:39,19388.2500,9
SPH9,12:35:39,18834.3000,1
SPH9,12:35:39,19388.2500,4
SPH9,12:35:39,18649.6500,1
SPH9,12:35:39,18649.6500,1
SPH9,12:35:39,19018.9500,1
SPH9,12:35:39,18834.3000,3
SPH9,12:35:39,19203.6000,1
SPH9,12:35:39,17911.0500,1
SPH9,12:35:39,17541.7500,4
SPH9,12:35:39,19199.4400,2
SPH9,12:35:39,18465.0000,1
SPH9,12:35:39,19203.6000,2
SPH9,12:35:39,18834.3000,1
SPH9,12:35:39,18834.3000,5
SPH9,12:35:39,18465.0000,1
SPH9,12:35:40,18649.6500,1
SPH9,12:35:40,19205.6800,5
SPH9,12:35:40,18837.3600,4
SPH9,12:35:40,19018.9500,1
SPH9,12:35:41,17541.7500,1
SPH9,12:35:41,19017.9200,1
SPH9,12:35:41,17911.0500,5
SPH9,12:35:41,18280.3500,7
SPH9,12:35:41,17911.0500,3
SPH9,12:35:41,17911.0500,1
SPH9,12:35:42,18463.0000,3
SPH9,12:35:44,17541.7500,1
SPH9,12:35:45,17726.4000,2
SPH9,12:35:45,18834.3000,1
SPH9,12:35:45,18836.3400,5
SPH9,12:35:45,19203.6000,1
SPH9,12:35:45,17726.4000,2
SPH9,12:35:45,17726.4000,1
SPH9,12:35:45,17911.0500,3
SPH9,12:35:46,18465.0000,3
SPH9,12:35:46,18280.3500,1
SPH9,12:35:46,17541.7500,1
SPH9,12:35:46,17911.0500,1
SPH9,12:35:46,17726.4000,5
SPH9,12:35:46,17911.0500,2
SPH9,12:35:49,19386.1500,5
SPH9,12:35:50,17908.1400,1
SPH9,12:35:50,18464.0000,1
SPH9,12:36:05,19012.7700,3
SPH9,12:36:05,18089.8200,1
SPH9,12:36:22,17911.0500,1
SPH9,12:36:24,19206.7200,1
SPH9,12:37:07,18830.2200,1
SPH9,12:38:01,19014.8300,5
SPH9,12:38:01,18461.0000,5
SPH9,12:38:29,18092.7600,1
SPH9,12:38:45,17538.9000,10
SPH9,12:38:58,19201.5200,10
SPH9,12:38:58,18832.2600,7
SPH9,12:39:04,18837.3600,2
SPH9,12:39:08,17915.9000,3
SPH9,12:39:24,18471.0000,1
SPH9,12:39:38,18657.7300,1
SPH9,12:39:38,17550.3000,9
SPH9,12:39:39,19028.2200,1
SPH9,12:39:46,19394.5500,1
SPH9,12:39:46,19025.1300,2
SPH9,12:40:04,18282.3300,2
SPH9,12:40:04,18281.3400,1
SPH9,12:40:17,18470.0000,1
SPH9,12:40:22,18270.4500,7
SPH9,12:41:09,19190.0800,3
SPH9,12:41:12,18454.0000,3
SPH9,12:41:39,17528.4500,2
SPH9,12:41:57,17905.2300,1
SPH9,12:42:32,18093.7400,1
SPH9,12:43:13,19393.5000,1
SPH9,12:43:17,18283.3200,3
SPH9,12:43:22,18100.6000,1
SPH9,12:44:05,18471.0000,3
SPH9,12:44:05,19026.1600,7
SPH9,12:44:33,19015.8600,1
SPH9,12:45:37,18641.5700,5
SPH9,12:45:39,18837.3600,1
SPH9,12:45:39,18098.6400,2
SPH9,12:46:44,19194.2400,1
SPH9,12:46:46,17717.7600,25
SPH9,12:46:46,19194.2400,3
SPH9,12:47:00,17533.2000,8
SPH9,12:47:01,18642.5800,3
SPH9,12:47:20,17717.7600,23
SPH9,12:47:39,17894.5600,1
SPH9,12:47:39,18632.4800,1
SPH9,12:47:39,18448.0000,3
SPH9,12:47:39,18814.9200,4
SPH9,12:47:39,19177.6000,1
SPH9,12:47:39,17886.8000,7
SPH9,12:47:39,19357.8000,1
SPH9,12:47:39,19357.8000,7
SPH9,12:47:39,18435.0000,2
SPH9,12:47:39,17510.4000,6
SPH9,12:47:57,18065.3200,2
SPH9,12:47:57,17512.3000,6
SPH9,12:47:57,17695.6800,2
SPH9,12:47:57,18064.3400,5
SPH9,12:47:57,17880.0100,1
SPH9,12:49:07,17519.9000,1
SPH9,12:49:08,18626.4200,3
SPH9,12:49:08,18258.5700,1
SPH9,12:49:08,18629.4500,1
SPH9,12:49:08,18445.0000,8
SPH9,12:49:08,18263.5200,1
SPH9,12:49:08,19372.5000,1
SPH9,12:49:08,18625.4100,4
SPH9,12:49:08,17703.3600,4
SPH9,12:49:08,18809.8200,4
SPH9,12:49:08,17887.7700,1
SPH9,12:49:08,17703.3600,3
SPH9,12:49:08,18254.6100,5
SPH9,12:49:08,19176.5600,3
SPH9,12:49:29,17883.8900,2
SPH9,12:49:29,19358.8500,1
SPH9,12:49:29,19173.4400,1
SPH9,12:49:52,19352.5500,6
SPH9,12:49:52,17878.0700,1
SPH9,12:49:52,18429.0000,3
SPH9,12:49:52,19166.1600,1
SPH9,12:50:37,18617.3300,3
SPH9,12:50:37,18433.0000,9
SPH9,12:50:37,19355.7000,1
SPH9,12:50:37,19350.4500,11
SPH9,12:51:21,17513.2500,1
SPH9,12:51:24,17697.6000,1
SPH9,12:52:53,18430.0000,2
SPH9,12:52:57,18246.6900,1
SPH9,12:53:04,18606.2200,1
SPH9,12:53:04,18418.0000,1
SPH9,12:53:04,18602.1800,1
SPH9,12:53:04,18787.3800,1
SPH9,12:53:04,17866.4300,1
SPH9,12:53:05,18234.8100,2
SPH9,12:53:05,18233.8200,4
SPH9,12:53:05,18786.3600,4
SPH9,12:53:05,18604.2000,1
SPH9,12:53:05,18420.0000,1
SPH9,12:53:05,17497.1000,1
SPH9,12:53:05,18604.2000,1
SPH9,12:53:05,17683.2000,1
SPH9,12:53:05,18786.3600,1
SPH9,12:53:05,18234.8100,1
SPH9,12:53:05,18419.0000,1
SPH9,12:53:05,18970.5400,1
SPH9,12:53:05,18602.1800,1
SPH9,12:53:26,17863.5200,1
SPH9,12:53:42,18430.0000,1
SPH9,12:53:42,19349.4000,3
SPH9,12:53:42,17507.5500,1
SPH9,12:53:42,18060.4200,1
SPH9,12:53:42,18429.0000,1
SPH9,12:54:00,19167.2000,1
SPH9,12:54:03,18248.6700,1
SPH9,12:54:04,17696.6400,3
SPH9,12:54:29,18427.0000,2
SPH9,12:54:32,18801.6600,1
SPH9,12:54:41,18427.0000,1
SPH9,12:54:41,18427.0000,1
SPH9,12:55:06,18250.6500,4
SPH9,12:55:38,18806.7600,5
SPH9,12:55:38,17517.0500,5
SPH9,12:55:45,18439.0000,4
SPH9,12:57:18,18429.0000,1
SPH9,12:59:01,17501.8500,1
SPH9,12:59:01,18238.7700,1
SPH9,12:59:01,18054.5400,2
SPH9,12:59:02,17680.3200,1
SPH9,12:59:02,18784.3200,3
SPH9,12:59:20,18418.0000,1
SPH9,12:59:37,18228.8700,1
SPH9,12:59:37,18411.0000,1
SPH9,12:59:37,18779.2200,4
SPH9,12:59:37,17858.6700,8
SPH9,12:59:55,19331.5500,1
SPH9,12:59:55,18225.9000,1
SPH9,12:59:55,19330.5000,1
SPH9,12:59:55,18777.1800,1
SPH9,12:59:55,17856.7300,1
SPH9,12:59:55,18592.0800,1
SPH9,12:59:55,18222.9300,1
SPH9,12:59:55,17854.7900,1
SPH9,12:59:56,17486.6500,1
SPH9,12:59:56,18775.1400,1
SPH9,13:00:13,18775.1400,1
SPH9,13:00:54,18225.9000,5
SPH9,13:00:55,17678.4000,1
SPH9,13:00:55,19151.6000,6
SPH9,13:00:55,17494.2500,1
SPH9,13:01:20,17486.6500,4
SPH9,13:01:20,17486.6500,6
SPH9,13:01:21,18049.6400,1
SPH9,13:01:21,18049.6400,1
SPH9,13:01:21,18787.3800,1
SPH9,13:01:21,17688.0000,2
SPH9,13:01:21,17688.9600,1
SPH9,13:01:23,19143.2800,1
SPH9,13:01:23,17668.8000,1
SPH9,13:01:23,18956.1200,6
SPH9,13:01:24,17483.8000,1
SPH9,13:01:24,18768.0000,1
SPH9,13:01:24,18768.0000,1
SPH9,13:01:24,18400.0000,1
SPH9,13:01:24,18950.9700,2
SPH9,13:01:24,19133.9200,2
SPH9,13:01:24,18032.0000,1
SPH9,13:01:24,18952.0000,1
SPH9,13:01:24,17478.1000,1
SPH9,13:01:24,18213.0300,1
SPH9,13:01:24,19132.8800,1
SPH9,13:01:24,17661.1200,2
SPH9,13:01:24,18029.0600,1
SPH9,13:01:24,17844.1200,1
SPH9,13:01:24,18578.9500,1
SPH9,13:01:24,18578.9500,1
SPH9,13:01:24,17660.1600,2
SPH9,13:01:24,17844.1200,2
SPH9,13:01:24,18762.9000,1
SPH9,13:01:24,19314.7500,1
SPH9,13:01:24,18398.0000,1
SPH9,13:01:25,18581.9800,1
SPH9,13:01:25,18030.0400,2
SPH9,13:01:25,18581.9800,18
SPH9,13:01:25,19129.7600,10
SPH9,13:01:25,17842.1800,5
SPH9,13:01:25,18577.9400,5
SPH9,13:01:25,18025.1400,5
SPH9,13:01:25,17473.3500,4
SPH9,13:01:25,18407.0000,1
SPH9,13:01:25,19143.2800,1
SPH9,13:01:30,18210.0600,1
SPH9,13:01:30,18026.1200,1
SPH9,13:01:31,19127.6800,1
SPH9,13:01:31,18208.0800,1
SPH9,13:01:41,17848.0000,2
SPH9,13:01:41,18400.0000,2
SPH9,13:01:41,18032.0000,1
SPH9,13:01:41,18584.0000,1
SPH9,13:01:45,18584.0000,2
SPH9,13:01:49,17848.0000,5
SPH9,13:01:54,17673.6000,1
SPH9,13:01:55,19330.5000,1
SPH9,13:01:56,19329.4500,1
SPH9,13:02:00,17851.8800,8
SPH9,13:02:51,18761.8800,1
SPH9,13:02:51,17474.3000,1
SPH9,13:02:51,17840.2400,1
SPH9,13:03:21,17467.6500,1
SPH9,13:03:21,17651.5200,1
SPH9,13:03:21,18203.1300,1
SPH9,13:03:22,17835.3900,2
SPH9,13:03:22,18938.6100,11
SPH9,13:03:22,18196.2000,2
SPH9,13:03:22,18380.0000,1
SPH9,13:03:22,19115.2000,1
SPH9,13:03:22,17460.0500,1
SPH9,13:03:22,18562.7900,1
SPH9,13:03:22,18010.4400,1
SPH9,13:03:22,18561.7800,1
SPH9,13:03:22,18745.5600,1
SPH9,13:03:22,18929.3400,1
SPH9,13:03:22,18009.4600,1
SPH9,13:03:22,18009.4600,1
SPH9,13:03:22,18928.3100,1
SPH9,13:03:22,18009.4600,1
SPH9,13:03:22,18560.7700,1
SPH9,13:03:22,17640.9600,1
SPH9,13:03:22,17823.7500,1
SPH9,13:03:22,19295.8500,1
SPH9,13:03:22,18377.0000,1
SPH9,13:03:22,17824.7200,1
SPH9,13:03:22,18753.7200,3
SPH9,13:03:22,19112.0800,1
SPH9,13:03:23,18377.0000,1
SPH9,13:03:23,18377.0000,1
SPH9,13:03:23,18559.7600,1
SPH9,13:03:23,17824.7200,1
SPH9,13:03:23,17824.7200,2
SPH9,13:03:23,17650.5600,1
SPH9,13:03:24,18569.8600,1
SPH9,13:03:38,17651.5200,2
SPH9,13:03:39,17836.3600,2
SPH9,13:03:39,17475.2500,4
SPH9,13:04:14,17653.4400,2
SPH9,13:04:41,18933.4600,2
SPH9,13:04:41,19301.1000,1
SPH9,13:04:42,18563.8000,2
SPH9,13:04:46,18211.0500,1
SPH9,13:05:24,17843.1500,1
SPH9,13:05:28,18211.0500,1
SPH9,13:05:48,19314.7500,1
SPH9,13:05:52,18394.0000,1
SPH9,13:05:53,18211.0500,1
SPH9,13:06:02,18578.9500,1
SPH9,13:07:01,18762.9000,1
SPH9,13:07:01,17475.2500,2
SPH9,13:07:01,17659.2000,4
SPH9,13:07:01,17843.1500,2
SPH9,13:07:02,17660.1600,1
SPH9,13:07:34,17848.0000,1
SPH9,13:07:53,18955.0900,1
SPH9,13:07:57,18588.0400,2
SPH9,13:07:57,18588.0400,1
SPH9,13:07:57,17670.7200,3
SPH9,13:07:57,18777.1800,4
SPH9,13:08:37,18038.8600,2
SPH9,13:09:34,18962.3000,2
SPH9,13:09:36,18593.0900,1
SPH9,13:09:37,19148.4800,1
SPH9,13:10:42,18594.1000,2
SPH9,13:10:42,18041.8000,3
SPH9,13:10:57,18231.8400,1
SPH9,13:11:01,18231.8400,1
SPH9,13:11:01,18786.3600,2
SPH9,13:11:01,18233.8200,1
SPH9,13:11:13,18045.7200,1
SPH9,13:11:14,17677.4400,1
SPH9,13:11:22,18227.8800,1
SPH9,13:11:22,18042.7800,1
SPH9,13:11:42,18046.7000,1
SPH9,13:11:45,18783.3000,3
SPH9,13:11:53,18410.0000,5
SPH9,13:12:16,18782.2800,1
SPH9,13:12:42,17675.5200,2
SPH9,13:12:42,17859.6400,2
SPH9,13:12:42,17491.4000,1
SPH9,13:13:16,18407.0000,1
SPH9,13:13:35,17675.5200,1
SPH9,13:13:48,17675.5200,1
SPH9,13:14:55,18967.4500,1
SPH9,13:14:55,19151.6000,2
SPH9,13:15:00,17683.2000,1
SPH9,13:15:07,18052.5800,1
SPH9,13:15:07,18789.4200,2
SPH9,13:15:08,18598.1400,1
SPH9,13:15:08,17861.5800,1
SPH9,13:15:08,19150.5600,1
SPH9,13:15:08,18598.1400,1
SPH9,13:15:08,18229.8600,1
SPH9,13:15:08,18414.0000,1
SPH9,13:15:08,19334.7000,1
SPH9,13:15:08,17861.5800,1
SPH9,13:15:08,19333.6500,1
SPH9,13:15:08,18964.3600,1
SPH9,13:15:08,18412.0000,1
SPH9,13:15:08,18042.7800,1
SPH9,13:15:08,18408.0000,2
SPH9,13:15:08,18592.0800,1
SPH9,13:15:08,17855.7600,1
SPH9,13:15:08,18223.9200,1
SPH9,13:15:08,19144.3200,3
SPH9,13:15:08,17855.7600,1
SPH9,13:15:08,18592.0800,2
SPH9,13:15:08,18034.9400,1
SPH9,13:15:08,17666.8800,1
SPH9,13:15:08,18955.0900,1
SPH9,13:15:08,18957.1500,1
SPH9,13:15:08,17856.7300,1
SPH9,13:15:08,18409.0000,1
SPH9,13:15:08,19327.3500,3
SPH9,13:15:08,19328.4000,1
SPH9,13:15:08,17487.6000,1
SPH9,13:15:08,17670.7200,1
SPH9,13:15:08,17486.6500,1
SPH9,13:15:08,17486.6500,2
SPH9,13:15:08,19326.3000,1
SPH9,13:15:08,18774.1200,3
SPH9,13:15:08,17853.8200,2
SPH9,13:15:08,19142.2400,2
SPH9,13:15:08,18958.1800,1
SPH9,13:15:08,18774.1200,1
SPH9,13:15:08,19141.2000,1
SPH9,13:15:08,18774.1200,1
SPH9,13:15:08,19142.2400,1
SPH9,13:15:08,18958.1800,1
SPH9,13:15:08,18957.1500,1
SPH9,13:15:08,17852.8500,1
SPH9,13:15:08,17484.7500,1
SPH9,13:15:08,19329.4500,1
SPH9,13:15:08,18593.0900,1
SPH9,13:15:08,17483.8000,1
SPH9,13:15:08,18404.0000,1
SPH9,13:15:08,18956.1200,1
SPH9,13:15:08,17851.8800,1
SPH9,13:15:08,18588.0400,1
SPH9,13:15:08,18035.9200,1
SPH9,13:15:08,19324.2000,1
SPH9,13:15:08,18035.9200,1
SPH9,13:15:08,18219.9600,1
SPH9,13:15:08,17483.8000,1
SPH9,13:15:08,18771.0600,1
SPH9,13:15:08,19138.0800,1
SPH9,13:15:08,17477.1500,2
SPH9,13:15:08,18029.0600,9
SPH9,13:15:08,18213.0300,1
SPH9,13:15:08,18948.9100,1
SPH9,13:15:08,19316.8500,1
SPH9,13:15:08,17661.1200,1
SPH9,13:15:08,18211.0500,1
SPH9,13:15:08,17659.2000,1
SPH9,13:15:08,17475.2500,1
SPH9,13:15:08,18946.8500,1
SPH9,13:15:08,18578.9500,2
SPH9,13:15:08,18578.9500,1
SPH9,13:15:08,18946.8500,1
SPH9,13:15:08,17659.2000,1
SPH9,13:15:08,18395.0000,1
SPH9,13:15:08,18211.0500,2
SPH9,13:15:09,17485.7000,1
SPH9,13:15:09,18579.9600,1
SPH9,13:15:09,17659.2000,1
SPH9,13:15:10,17487.6000,1
SPH9,13:15:12,17855.7600,1
SPH9,13:15:25,19320.0000,2
SPH9,13:15:25,18768.0000,1
SPH9,13:15:25,18029.0600,2
SPH9,13:15:28,19130.8000,2
SPH9,13:15:28,18578.9500,7
SPH9,13:15:28,18946.8500,3
SPH9,13:15:28,17843.1500,4
SPH9,13:15:28,19130.8000,5
SPH9,13:15:28,18946.8500,1
SPH9,13:15:28,18211.0500,1
SPH9,13:15:29,17843.1500,1
SPH9,13:15:30,18762.9000,1
SPH9,13:15:30,18946.8500,19
SPH9,13:15:30,18027.1000,1
SPH9,13:15:36,19320.0000,2
SPH9,13:15:54,18953.0300,1
SPH9,13:15:54,19322.1000,1
SPH9,13:16:06,18962.3000,5
SPH9,13:16:07,18039.8400,2
SPH9,13:16:36,17490.4500,2
SPH9,13:16:43,18032.9800,3
SPH9,13:16:43,18596.1200,3
SPH9,13:16:43,17675.5200,2
SPH9,13:19:15,17860.6100,1
SPH9,13:19:39,18965.3900,2
SPH9,13:20:08,18966.4200,3
SPH9,13:20:08,18230.8500,5
SPH9,13:20:09,17497.1000,1
SPH9,13:20:11,19155.7600,2
SPH9,13:20:14,18234.8100,1
SPH9,13:20:27,18594.1000,3
SPH9,13:20:27,18961.2700,2
SPH9,13:20:28,18419.0000,2
SPH9,13:20:28,18787.3800,4
SPH9,13:20:28,18051.6000,1
SPH9,13:20:28,18235.8000,5
SPH9,13:20:28,18788.4000,5
SPH9,13:20:28,18972.6000,5
SPH9,13:20:28,17683.2000,11
SPH9,13:20:28,18604.2000,12
SPH9,13:21:08,18409.0000,1
SPH9,13:21:13,19330.5000,5
SPH9,13:21:28,18036.9000,1
SPH9,13:21:56,17858.6700,1
SPH9,13:22:31,18958.1800,3
SPH9,13:22:31,18220.9500,1
SPH9,13:22:31,17859.6400,1
SPH9,13:24:37,18965.3900,2
SPH9,13:24:44,18229.8600,1
SPH9,13:24:59,18221.9400,1
SPH9,13:25:13,19337.8500,1
SPH9,13:26:09,19140.1600,1
SPH9,13:26:26,19153.6800,1
SPH9,13:27:58,18041.8000,1
SPH9,13:28:29,17681.2800,1
SPH9,13:30:28,18798.6000,1
SPH9,13:31:03,18796.5600,7
SPH9,13:31:03,18428.0000,1
SPH9,13:31:04,18796.5600,1
SPH9,13:31:09,18428.0000,5
SPH9,13:31:09,17506.6000,1
SPH9,13:31:09,17875.1600,1
SPH9,13:31:09,17690.8800,1
SPH9,13:31:09,17506.6000,1
SPH9,13:31:10,17875.1600,5
SPH9,13:31:12,18428.0000,2
SPH9,13:31:32,18976.7200,2
SPH9,13:31:32,18241.7400,10
SPH9,13:31:32,18057.4800,6
SPH9,13:31:46,18977.7500,5
SPH9,13:33:05,18798.6000,1
SPH9,13:33:39,19175.5200,1
SPH9,13:34:03,18989.0800,2
SPH9,13:34:21,18806.7600,1
SPH9,13:35:24,18987.0200,1
SPH9,13:35:59,18998.3500,1
SPH9,13:36:00,18074.1400,3
SPH9,13:36:00,19184.8800,1
SPH9,13:36:00,19000.4100,7
SPH9,13:36:47,19172.4000,1
SPH9,13:36:48,19351.5000,1
SPH9,13:37:17,18255.6000,1
SPH9,13:38:19,17517.0500,1
SPH9,13:38:47,17698.5600,5
SPH9,13:41:00,18991.1400,1
SPH9,13:41:00,18067.2800,1
SPH9,13:41:01,19363.0500,4
SPH9,13:41:01,18072.1800,1
SPH9,13:42:40,18797.5800,1
SPH9,13:42:40,18980.8400,1
SPH9,13:42:41,17870.3100,3
SPH9,13:42:43,18793.5000,2
SPH9,13:44:21,18433.0000,1
SPH9,13:45:46,17701.4400,2
SPH9,13:45:47,17883.8900,2
SPH9,13:45:47,18075.1200,1
SPH9,13:46:15,18445.0000,1
SPH9,13:46:15,19368.3000,1
SPH9,13:46:55,18805.7400,1
SPH9,13:49:55,18799.6200,1
SPH9,13:49:55,18615.3100,2
SPH9,13:50:46,18619.3500,5
SPH9,13:51:21,18255.6000,2
SPH9,13:51:21,19177.6000,3
SPH9,13:51:21,18995.2600,1
SPH9,13:51:21,17519.9000,1
SPH9,13:51:23,18257.5800,1
SPH9,13:51:39,19180.7200,8
SPH9,13:51:39,17520.8500,1
SPH9,13:51:46,18808.8000,5
SPH9,13:51:46,18811.8600,1
SPH9,13:53:33,18061.4000,5
SPH9,13:53:46,18988.0500,1
SPH9,13:53:46,18066.3000,1
SPH9,13:55:36,17500.9000,1
SPH9,13:55:37,18055.5200,2
SPH9,13:56:12,18789.4200,1
SPH9,13:56:40,18797.5800,1
SPH9,13:57:26,19347.3000,2
SPH9,13:57:26,18240.7500,3
SPH9,13:58:15,18249.6600,1
SPH9,13:59:00,17869.3400,2
SPH9,13:59:00,18249.6600,2
SPH9,13:59:00,18802.6800,1
SPH9,14:05:00,17883.8900,5
SPH9,14:05:00,19359.9000,5
SPH9,14:05:00,19175.5200,5
SPH9,14:05:00,18998.3500,5
SPH9,14:05:00,18630.4600,5
SPH9,14:05:00,18631.4700,1
SPH9,14:05:00,18815.9400,4
SPH9,14:05:00,18631.4700,1
SPH9,14:05:00,19001.4400,4
SPH9,14:05:00,17710.0800,1
SPH9,14:05:00,19371.4500,1
SPH9,14:05:00,18264.5100,4
SPH9,14:05:00,18081.0000,1
SPH9,14:05:00,18086.8800,1
SPH9,14:05:00,19203.6000,1
SPH9,14:05:00,18651.6700,1
SPH9,14:05:00,18454.0000,8
SPH9,14:05:00,18827.1600,2
SPH9,14:05:00,18847.5600,1
SPH9,14:05:01,18107.4600,1
SPH9,14:05:01,17553.1500,1
SPH9,14:05:01,18468.0000,5
SPH9,14:05:01,18837.3600,9
SPH9,14:05:01,19391.4000,4
SPH9,14:05:01,18098.6400,1
SPH9,14:05:01,17912.9900,4
SPH9,14:05:01,17913.9600,4
SPH9,14:05:01,18468.0000,1
SPH9,14:05:01,18292.2300,1
SPH9,14:05:01,18283.3200,2
SPH9,14:05:02,19388.2500,1
SPH9,14:05:02,18652.6800,1
SPH9,14:05:02,17913.9600,5
SPH9,14:05:03,19395.6000,1
SPH9,14:05:07,17729.2800,10
SPH9,14:05:10,18841.4400,1
SPH9,14:05:10,17548.4000,1
SPH9,14:05:12,17734.0800,1
SPH9,14:05:13,18290.2500,1
SPH9,14:05:16,19031.3100,2
SPH9,14:05:16,17916.8700,5
SPH9,14:05:16,18470.0000,5
SPH9,14:05:25,18837.3600,10
SPH9,14:05:25,18283.3200,5
SPH9,14:05:25,17729.2800,5
SPH9,14:05:25,17729.2800,9
SPH9,14:05:25,19024.1000,1
SPH9,14:05:25,18648.6400,1
SPH9,14:05:25,17910.0800,1
SPH9,14:05:25,19017.9200,8
SPH9,14:05:25,19393.5000,7
SPH9,14:05:28,18464.0000,1
SPH9,14:05:29,17913.9600,7
SPH9,14:05:29,18102.5600,2
SPH9,14:05:29,19391.4000,4
SPH9,14:05:30,17544.6000,1
SPH9,14:05:30,18652.6800,6
SPH9,14:05:30,18464.0000,2
SPH9,14:05:30,18833.2800,2
SPH9,14:05:32,19021.0100,3
SPH9,14:05:54,18470.0000,5
SPH9,14:05:55,17730.2400,1
SPH9,14:06:00,18656.7200,1
SPH9,14:06:00,18845.5200,4
SPH9,14:06:00,17737.9200,2
SPH9,14:06:00,17549.3500,2
SPH9,14:06:26,19395.6000,1
SPH9,14:06:28,18292.2300,5
SPH9,14:06:28,17552.2000,5
SPH9,14:06:28,18292.2300,3
SPH9,14:06:29,19210.8800,7
SPH9,14:06:40,19033.3700,2
SPH9,14:06:55,18479.0000,1
SPH9,14:07:23,19218.1600,19
SPH9,14:07:59,17924.6300,1
SPH9,14:08:43,18841.4400,3
SPH9,14:09:15,18287.2800,1
SPH9,14:09:23,19026.1600,1
SPH9,14:09:30,18105.5000,1
SPH9,14:09:39,18660.7600,1
SPH9,14:10:02,19389.3000,2
SPH9,14:10:06,17728.3200,1
SPH9,14:10:13,18279.3600,1
SPH9,14:10:14,19015.8600,1
SPH9,14:10:14,19015.8600,1
SPH9,14:10:14,17908.1400,10
SPH9,14:10:14,17540.8000,1
SPH9,14:10:14,18279.3600,1
SPH9,14:10:14,19017.9200,1
SPH9,14:10:14,18464.0000,1
SPH9,14:10:15,17908.1400,1
SPH9,14:10:50,18272.4300,1
SPH9,14:13:01,18825.1200,6
SPH9,14:13:01,18640.5600,3
SPH9,14:13:01,17902.3200,1
SPH9,14:13:07,18090.8000,1
SPH9,14:13:07,18460.0000,9
SPH9,14:14:58,17908.1400,1
SPH9,14:15:03,18277.3800,4
SPH9,14:15:03,18831.2400,1
SPH9,14:16:57,17536.0500,1
SPH9,14:16:59,18644.6000,1
SPH9,14:17:00,18460.0000,5
SPH9,14:17:00,18644.6000,2
SPH9,14:17:00,19198.4000,3
SPH9,14:17:02,19022.0400,1
SPH9,14:17:04,19206.7200,1
SPH9,14:17:41,17720.6400,1
SPH9,14:17:41,17720.6400,1
SPH9,14:20:05,18652.6800,1
SPH9,14:20:06,18098.6400,1
SPH9,14:20:06,19022.0400,2
SPH9,14:22:35,18639.5500,1
SPH9,14:25:12,18275.4000,1
SPH9,14:25:12,18644.6000,1
SPH9,14:25:13,17910.0800,1
SPH9,14:25:32,17910.0800,1
SPH9,14:25:52,18644.6000,1
SPH9,14:26:28,17540.8000,3
SPH9,14:27:14,19013.8000,1
SPH9,14:28:30,18084.9200,1
SPH9,14:29:21,18464.0000,1
SPH9,14:33:22,17537.0000,1
SPH9,14:33:22,17906.2000,1
SPH9,14:33:33,18460.0000,2
SPH9,14:33:33,19198.4000,1
SPH9,14:33:33,19383.0000,4
SPH9,14:34:46,17530.3500,2
SPH9,14:34:46,19375.6500,3
SPH9,14:34:48,19189.0400,1
SPH9,14:35:03,19188.0000,7
SPH9,14:35:05,17710.0800,1
SPH9,14:35:18,18072.1800,1
SPH9,14:35:27,18624.4000,1
SPH9,14:35:36,18988.0500,1
SPH9,14:35:36,19357.8000,1
SPH9,14:39:44,18264.5100,1
SPH9,14:41:13,17898.4400,1
SPH9,14:42:48,18827.1600,2
SPH9,14:42:54,19196.3200,1
SPH9,14:45:21,18446.0000,2
SPH9,14:45:21,18814.9200,1
SPH9,14:45:21,17892.6200,3
SPH9,14:46:15,18815.9400,1
SPH9,14:46:49,17523.7000,1
SPH9,14:47:25,18270.4500,1
SPH9,14:48:41,19203.6000,1
SPH9,14:49:01,18453.0000,1
SPH9,14:52:07,19203.6000,1
SPH9,14:52:07,19203.6000,1
SPH9,14:53:31,19012.7700,1
SPH9,14:54:45,17912.0200,1
SPH9,14:55:33,18638.5400,1
SPH9,14:56:02,18831.2400,1
SPH9,14:57:54,19191.1200,1
SPH9,14:57:54,18637.5300,1
SPH9,14:57:54,18822.0600,1
SPH9,14:58:50,18440.0000,1
SPH9,15:00:02,19352.5500,1
SPH9,15:00:02,18244.7100,3
SPH9,15:00:09,18796.5600,1
SPH9,15:00:09,19349.4000,2
SPH9,15:00:09,18428.0000,3
SPH9,15:01:09,19165.1200,6
SPH9,15:01:10,19163.0400,5
SPH9,15:01:10,19347.3000,1
SPH9,15:01:10,19160.9600,1
SPH9,15:01:10,18792.4800,3
SPH9,15:01:11,17501.8500,5
SPH9,15:01:11,17500.9000,1
SPH9,15:01:11,18974.6600,5
SPH9,15:01:11,19157.8400,1
SPH9,15:01:13,18420.0000,1
SPH9,15:01:31,18044.7400,1
SPH9,15:01:31,17673.6000,2
SPH9,15:01:45,18229.8600,2
SPH9,15:02:00,19144.3200,1
SPH9,15:02:08,18039.8400,1
SPH9,15:02:12,19147.4400,1
SPH9,15:02:20,18595.1100,1
SPH9,15:02:34,18595.1100,8
SPH9,15:02:34,19147.4400,2
SPH9,15:02:40,17487.6000,1
SPH9,15:02:50,18226.8900,1
SPH9,15:03:04,18411.0000,1
SPH9,15:03:19,17495.2000,4
SPH9,15:03:22,18779.2200,2
SPH9,15:03:23,18418.0000,1
SPH9,15:03:39,19339.9500,2
SPH9,15:03:39,18050.6200,3
SPH9,15:03:39,17683.2000,5
SPH9,15:03:40,18604.2000,1
SPH9,15:03:44,18609.2500,3
SPH9,15:03:49,18057.4800,4
SPH9,15:03:57,18058.4600,1
SPH9,15:04:06,18057.4800,1
SPH9,15:04:08,17679.3600,1
SPH9,15:04:40,18774.1200,1
SPH9,15:04:54,18233.8200,1
SPH9,15:04:54,17681.2800,1
SPH9,15:05:05,17670.7200,1
SPH9,15:05:05,19327.3500,1
SPH9,15:05:54,18232.8300,1
SPH9,15:05:54,18969.5100,3
SPH9,15:06:20,19146.4000,1
SPH9,15:06:42,19328.4000,1
SPH9,15:08:35,18969.5100,1
SPH9,15:08:47,19153.6800,1
SPH9,15:09:42,18048.6600,3
SPH9,15:10:10,18969.5100,1
SPH9,15:10:25,18964.3600,1
SPH9,15:10:35,17675.5200,1
SPH9,15:10:35,18778.2000,2
SPH9,15:10:35,18775.1400,1
SPH9,15:10:58,17490.4500,2
SPH9,15:10:58,18595.1100,1
SPH9,15:12:04,17870.3100,1
SPH9,15:12:04,18424.0000,1
SPH9,15:13:32,19346.2500,1
SPH9,15:14:02,18972.6000,3
SPH9,15:14:50,17503.7500,3
SPH9,15:15:09,18242.7300,3
SPH9,15:15:09,18427.0000,2
SPH9,15:15:09,18242.7300,2
SPH9,15:15:18,19165.1200,1
SPH9,15:15:18,18428.0000,1
SPH9,15:15:18,18243.7200,1
SPH9,15:15:18,17690.8800,1
SPH9,15:15:18,18612.2800,6
SPH9,15:20:55,18796.5600,3
SPH9,15:20:55,18612.2800,4
SPH9,15:20:55,17506.6000,3
SPH9,15:21:28,18047.6800,1
SPH9,15:21:37,17688.9600,1
SPH9,15:21:37,18057.4800,1
SPH9,15:25:05,19345.2000,1
SPH9,15:25:58,19156.8000,1
SPH9,15:26:52,18604.2000,1
SPH9,15:26:52,17867.4000,1
SPH9,15:30:54,17872.2500,1
SPH9,15:31:57,17683.2000,3
SPH9,15:37:49,18063.3600,1
SPH9,15:37:52,17882.9200,1
SPH9,15:38:32,17695.6800,2
SPH9,15:39:30,17688.9600,1
SPH9,15:39:30,18794.5200,3
SPH9,15:41:29,18975.6900,1
SPH9,15:44:03,18601.1700,3
SPH9,15:44:30,19326.3000,6
SPH9,15:44:31,18036.9000,1
SPH9,15:44:31,17482.8500,1
SPH9,15:44:31,18401.0000,2
SPH9,15:44:42,17664.0000,1
SPH9,15:44:42,19136.0000,1
SPH9,15:44:42,19320.0000,1
SPH9,15:45:23,18214.0200,1
SPH9,15:45:23,19131.8400,1
SPH9,15:45:23,18573.9000,1
SPH9,15:45:31,17655.3600,1
SPH9,15:45:34,18955.0900,1
SPH9,15:45:36,17482.8500,1
SPH9,15:45:54,18572.8900,1
SPH9,15:45:54,18387.0000,1
SPH9,15:45:56,18757.8000,1
SPH9,15:45:59,18933.4600,1
SPH9,15:46:00,18932.4300,1
SPH9,15:46:00,19115.2000,7
SPH9,15:46:00,18196.2000,1
SPH9,15:46:00,18745.5600,1
SPH9,15:46:00,18745.5600,2
SPH9,15:46:00,19297.9500,1
SPH9,15:46:00,18194.2200,1
SPH9,15:46:00,18560.7700,1
SPH9,15:46:07,18570.8700,1
SPH9,15:46:16,19122.4800,1
SPH9,15:47:43,18947.8800,5
SPH9,15:48:02,17849.9400,1
SPH9,15:48:34,18771.0600,1
SPH9,15:48:56,18220.9500,1
SPH9,15:50:04,18578.9500,1
SPH9,15:50:04,18946.8500,2
SPH9,15:51:49,18585.0100,3
SPH9,15:51:52,18218.9700,1
SPH9,15:54:58,19140.1600,1
SPH9,15:54:59,19140.1600,1
SPH9,15:54:59,19324.2000,1
SPH9,15:56:32,18404.0000,1
SPH9,15:56:35,17486.6500,5
SPH9,15:56:35,18591.0700,1
SPH9,15:56:43,19332.6000,1
SPH9,15:57:20,18236.7900,1
SPH9,15:58:18,17501.8500,1
SPH9,15:58:51,18047.6800,1
SPH9,15:58:51,18417.0000,1
SPH9,16:00:47,18603.1900,1
SPH9,16:00:49,19158.8800,3
SPH9,16:00:49,18791.4600,2
SPH9,16:00:49,18055.5200,6
SPH9,16:00:54,17871.2800,4
SPH9,16:00:54,18793.5000,2
SPH9,16:01:02,18054.5400,2
SPH9,16:01:02,18977.7500,3
SPH9,16:03:09,18793.5000,2
SPH9,16:03:09,18609.2500,8
SPH9,16:03:09,18056.5000,9
SPH9,16:03:16,18976.7200,2
SPH9,16:03:26,18240.7500,1
SPH9,16:03:26,18056.5000,1
SPH9,16:03:26,18980.8400,2
SPH9,16:03:26,18243.7200,6
SPH9,16:03:27,18245.7000,1
SPH9,16:03:46,19168.2400,1
SPH9,16:04:54,17512.3000,2
SPH9,16:06:16,17695.6800,1
SPH9,16:06:16,17695.6800,1
SPH9,16:06:31,19355.7000,1
SPH9,16:06:32,18802.6800,1
SPH9,16:06:39,18802.6800,3
SPH9,16:06:45,18434.0000,1
SPH9,16:06:45,18987.0200,1
SPH9,16:06:45,18434.0000,5
SPH9,16:06:45,17699.5200,1
SPH9,16:07:00,19175.5200,1
SPH9,16:07:24,18439.0000,1
SPH9,16:10:07,17694.7200,5
SPH9,16:10:08,18441.0000,4
SPH9,16:10:08,17888.7400,1
SPH9,16:10:09,17704.3200,1
SPH9,16:10:09,19170.3200,4
SPH9,16:10:10,18798.6000,1
SPH9,16:12:05,18439.0000,1
SPH9,16:12:43,19182.8000,1
SPH9,16:13:34,18446.0000,1
SPH9,16:13:34,18814.9200,9
SPH9,16:13:34,18630.4600,2
SPH9,16:13:34,18077.0800,5
SPH9,16:13:34,18815.9400,1
SPH9,16:13:35,18085.9000,1
SPH9,16:13:57,19194.2400,1
SPH9,16:13:57,17902.3200,1
SPH9,16:13:57,18086.8800,3
SPH9,16:13:57,18640.5600,1
SPH9,16:13:57,18086.8800,1
SPH9,16:13:57,17534.1500,10
SPH9,16:13:57,18457.0000,2
SPH9,16:13:58,19202.5600,1
SPH9,16:13:59,17910.0800,1
SPH9,16:13:59,19017.9200,1
SPH9,16:13:59,18833.2800,2
SPH9,16:13:59,18279.3600,1
SPH9,16:13:59,18279.3600,2
SPH9,16:13:59,18465.0000,1
SPH9,16:13:59,17912.9900,1
SPH9,16:13:59,19390.3500,3
SPH9,16:13:59,18836.3400,1
SPH9,16:13:59,19021.0100,2
SPH9,16:13:59,19021.0100,1
SPH9,16:13:59,17912.9900,1
SPH9,16:13:59,17913.9600,1
SPH9,16:13:59,18652.6800,1
SPH9,16:13:59,18837.3600,1
SPH9,16:13:59,19391.4000,1
SPH9,16:13:59,18098.6400,1
SPH9,16:13:59,18652.6800,1
SPH9,16:13:59,19204.6400,6
SPH9,16:13:59,18470.0000,1
SPH9,16:13:59,18286.2900,1
SPH9,16:13:59,17732.1600,2
SPH9,16:13:59,18842.4600,1
SPH9,16:13:59,17918.8100,2
SPH9,16:13:59,19397.7000,1
SPH9,16:13:59,18289.2600,1
SPH9,16:13:59,18658.7400,1
SPH9,16:13:59,18845.5200,1
SPH9,16:13:59,18660.7600,1
SPH9,16:13:59,19030.2800,1
SPH9,16:13:59,19215.0400,1
SPH9,16:14:00,18845.5200,2
SPH9,16:14:00,17736.9600,2
SPH9,16:14:00,18279.3600,1
SPH9,16:14:00,19202.5600,2
SPH9,16:14:01,18098.6400,1
SPH9,16:14:01,18837.3600,1
SPH9,16:14:09,18274.4100,1
SPH9,16:15:06,18101.5800,1
SPH9,16:15:16,19209.8400,1
SPH9,16:15:18,18286.2900,1
SPH9,16:15:25,18101.5800,2
SPH9,16:15:25,17921.7200,2
SPH9,16:15:51,19402.9500,1
SPH9,16:15:52,19218.1600,3
SPH9,16:15:56,18109.4200,1
SPH9,16:15:57,19402.9500,2
SPH9,16:15:57,19218.1600,2
SPH9,16:15:58,18109.4200,1
SPH9,16:15:58,19218.1600,1
SPH9,16:15:58,17739.8400,2
SPH9,16:15:58,17555.0500,1
SPH9,16:15:58,17555.0500,1
SPH9,16:17:11,18652.6800,1
SPH9,16:17:48,18659.7500,1
SPH9,16:17:48,17922.6900,4
SPH9,16:18:04,17922.6900,10
SPH9,16:18:30,18648.6400,4
SPH9,16:19:07,18826.1400,1
SPH9,16:19:23,18817.9800,1
SPH9,16:19:23,18449.0000,7
SPH9,16:19:23,18633.4900,3
SPH9,16:20:54,17536.0500,1
SPH9,16:20:56,17536.0500,1
SPH9,16:21:04,19384.0500,1
SPH9,16:21:04,19199.4400,16
SPH9,16:21:04,18645.6100,13
SPH9,16:21:04,18646.6200,8
SPH9,16:21:29,19383.0000,1
SPH9,16:22:38,19384.0500,1
SPH9,16:22:43,18645.6100,1
SPH9,16:22:48,18276.3900,2
SPH9,16:22:48,18461.0000,1
SPH9,16:23:20,19008.6500,3
SPH9,16:23:31,18648.6400,1
SPH9,16:23:33,18641.5700,1
SPH9,16:23:33,18826.1400,1
SPH9,16:24:16,17715.8400,7
SPH9,16:26:35,18079.0400,1
SPH9,16:27:26,17894.5600,7
SPH9,16:27:30,18815.9400,3
SPH9,16:30:03,18450.0000,1
SPH9,16:30:04,18071.2000,1
SPH9,16:32:09,18096.6800,1
SPH9,16:32:09,18097.6600,4
SPH9,16:32:09,18283.3200,2
SPH9,16:32:09,19210.8800,5
SPH9,16:32:09,18472.0000,5
SPH9,16:32:14,19393.5000,1
SPH9,16:32:16,19394.5500,1
SPH9,16:37:29,17907.1700,1
SPH9,16:40:00,19026.1600,1
SPH9,16:40:00,18842.4600,1
SPH9,16:40:01,18843.4800,1
SPH9,16:40:16,18288.2700,1
SPH9,16:40:16,18473.0000,1
SPH9,16:43:06,17911.0500,1
SPH9,16:43:11,18090.8000,2
SPH9,16:43:11,18090.8000,2
SPH9,16:43:12,18646.6200,1
SPH9,16:45:00,17534.1500,2
SPH9,16:45:00,18087.8600,1
SPH9,16:45:00,18272.4300,1
SPH9,16:45:00,18826.1400,2
SPH9,16:49:19,18095.7000,1
SPH9,16:52:03,18095.7000,1
SPH9,16:54:59,17726.4000,1
SPH9,16:54:59,18833.2800,3
SPH9,16:56:55,17544.6000,20
SPH9,16:56:55,18098.6400,4
SPH9,16:56:55,17725.4400,2
SPH9,16:56:55,18464.0000,8
SPH9,16:56:55,17910.0800,5
SPH9,16:56:56,18648.6400,1
SPH9,16:56:57,17540.8000,1
SPH9,16:56:57,18832.2600,1
SPH9,16:56:58,19197.3600,1
SPH9,16:56:58,18643.5900,1
SPH9,16:56:59,18089.8200,1
SPH9,16:56:59,19381.9500,1
SPH9,16:56:59,19012.7700,7
SPH9,16:57:01,19381.9500,2
SPH9,16:57:01,18457.0000,1
SPH9,16:57:01,17534.1500,1
SPH9,16:57:01,17903.2900,3
SPH9,16:57:01,19010.7100,1
SPH9,16:57:02,18641.5700,1
SPH9,16:57:02,18272.4300,5
SPH9,16:58:17,18277.3800,3
SPH9,16:58:48,18457.0000,1
SPH9,16:58:52,19015.8600,8
SPH9,16:58:52,18277.3800,13
SPH9,16:58:59,18827.1600,1
SPH9,16:59:38,19379.8500,8
SPH9,16:59:44,19374.6000,1
SPH9,16:59:44,17529.4000,1
SPH9,16:59:45,18452.0000,1
SPH9,16:59:45,18082.9600,1
SPH9,16:59:45,17898.4400,2
SPH9,16:59:52,19188.0000,1
SPH9,16:59:52,19185.9200,1
SPH9,16:59:52,18448.0000,1
SPH9,16:59:55,17524.6500,1
SPH9,17:00:06,17709.1200,4
SPH9,17:00:12,18450.0000,10
SPH9,17:00:16,19005.5600,1
SPH9,17:00:29,18829.2000,7
SPH9,17:01:04,17714.8800,1
SPH9,17:02:22,19189.0400,5
SPH9,17:02:22,18081.0000,1
SPH9,17:02:22,17895.5300,2
SPH9,17:02:22,19186.9600,2
SPH9,17:02:22,19002.4700,1
SPH9,17:02:22,18633.4900,9
SPH9,17:02:22,19002.4700,5
SPH9,17:02:22,19002.4700,5
SPH9,17:03:47,18827.1600,1
SPH9,17:04:27,17906.2000,3
SPH9,17:04:27,18090.8000,6
SPH9,17:05:59,19011.7400,1
SPH9,17:10:02,18265.5000,1
SPH9,17:11:11,19177.6000,1
SPH9,17:11:26,17698.5600,1
SPH9,17:11:26,18067.2800,2
SPH9,17:11:27,18250.6500,1
SPH9,17:11:36,18615.3100,1
SPH9,17:11:39,18247.6800,1
SPH9,17:12:11,18982.9000,1
SPH9,17:14:36,18425.0000,1
SPH9,17:14:41,17869.3400,7
SPH9,17:14:41,18606.2200,1
SPH9,17:14:44,18231.8400,10
SPH9,17:14:44,18413.0000,1
SPH9,17:14:44,17490.4500,1
SPH9,17:14:44,18596.1200,1
SPH9,17:14:45,17853.8200,1
SPH9,17:14:46,18774.1200,1
SPH9,17:14:46,18037.8800,1
SPH9,17:15:23,18600.1600,1
SPH9,17:16:56,19151.6000,1
SPH9,17:18:08,17484.7500,1
SPH9,17:18:12,17848.9700,1
SPH9,17:18:12,18952.0000,1
SPH9,17:18:17,18955.0900,5
SPH9,17:18:17,18403.0000,2
SPH9,17:18:17,17482.8500,2
SPH9,17:18:21,17482.8500,3
SPH9,17:18:43,18956.1200,5
SPH9,17:18:43,17480.0000,1
SPH9,17:18:43,17480.0000,2
SPH9,17:18:43,18032.0000,1
SPH9,17:18:43,18216.0000,1
SPH9,17:18:44,17844.1200,1
SPH9,17:18:44,19129.7600,1
SPH9,17:19:10,18035.9200,6
SPH9,17:19:27,18755.7600,1
SPH9,17:19:28,18942.7300,2
SPH9,17:19:28,18943.7600,3
SPH9,17:19:31,18939.6400,5
SPH9,17:19:31,18571.8800,1
SPH9,17:19:31,18754.7400,1
SPH9,17:19:32,17464.8000,1
SPH9,17:19:32,17648.6400,1
SPH9,17:19:32,18016.3200,1
SPH9,17:19:32,17464.8000,3
SPH9,17:19:32,19119.3600,1
SPH9,17:19:32,18934.4900,1
SPH9,17:19:32,18013.3800,1
SPH9,17:19:32,18379.0000,1
SPH9,17:19:33,19115.2000,1
SPH9,17:19:36,19296.9000,1
SPH9,17:19:36,19111.0400,1
SPH9,17:19:36,18558.7500,1
SPH9,17:19:36,18926.2500,2
SPH9,17:19:42,19293.7500,1
SPH9,17:19:42,17823.7500,1
SPH9,17:19:42,17823.7500,1
SPH9,17:19:42,17823.7500,2
SPH9,17:19:42,18375.0000,1
SPH9,17:19:42,18375.0000,1
SPH9,17:19:42,18191.2500,1
SPH9,17:19:42,18191.2500,1
SPH9,17:19:42,18375.0000,1
SPH9,17:19:42,18742.5000,2
SPH9,17:19:42,18191.2500,1
SPH9,17:19:42,19110.0000,1
SPH9,17:19:42,17640.0000,1
SPH9,17:19:42,17456.2500,1
SPH9,17:19:42,19293.7500,1
SPH9,17:19:42,18558.7500,1
SPH9,17:19:42,18742.5000,1
SPH9,17:19:42,18191.2500,2
SPH9,17:19:43,18196.2000,1
SPH9,17:19:54,17640.0000,2
SPH9,17:19:56,18558.7500,1
SPH9,17:19:56,18007.5000,1
SPH9,17:19:57,19293.7500,2
SPH9,17:19:57,19110.0000,2
SPH9,17:19:57,19110.0000,3
SPH9,17:19:57,18742.5000,3
SPH9,17:19:57,18375.0000,6
SPH9,17:19:57,17456.2500,1
SPH9,17:19:57,18742.5000,1
SPH9,17:19:57,18926.2500,1
SPH9,17:19:57,19293.7500,1
SPH9,17:19:57,19110.0000,1
SPH9,17:19:57,18558.7500,1
SPH9,17:19:57,19110.0000,1
SPH9,17:19:57,18007.5000,1
SPH9,17:19:57,18191.2500,1
SPH9,17:19:57,19293.7500,2
SPH9,17:19:57,18191.2500,1
SPH9,17:19:57,18191.2500,1
SPH9,17:19:57,17637.1200,1
SPH9,17:19:57,18186.3000,1
SPH9,17:19:57,18001.6200,2
SPH9,17:19:57,18736.3800,1
SPH9,17:19:57,19287.4500,1
SPH9,17:19:57,18000.6400,1
SPH9,17:19:57,19102.7200,1
SPH9,17:19:57,18184.3200,1
SPH9,17:19:57,17817.9300,1
SPH9,17:19:57,19103.7600,1
SPH9,17:19:57,19284.3000,1
SPH9,17:19:57,17815.0200,1
SPH9,17:19:57,18547.6400,1
SPH9,17:19:57,17445.8000,1
SPH9,17:19:57,17628.4800,1
SPH9,17:19:57,17814.0500,1
SPH9,17:19:57,19099.6000,1
SPH9,17:19:57,17995.7400,1
SPH9,17:19:57,17445.8000,2
SPH9,17:19:57,18363.0000,2
SPH9,17:19:57,19283.2500,1
SPH9,17:19:57,18915.9500,1
SPH9,17:19:57,17812.1100,1
SPH9,17:19:57,18362.0000,1
SPH9,17:19:57,17631.3600,1
SPH9,17:19:57,18182.3400,1
SPH9,17:19:57,17627.5200,1
SPH9,17:19:57,18729.2400,1
SPH9,17:19:57,18181.3500,1
SPH9,17:19:58,18548.6500,1
SPH9,17:19:58,17445.8000,1
SPH9,17:19:58,18916.9800,1
SPH9,17:19:58,18365.0000,1
SPH9,17:20:00,18924.1900,2
SPH9,17:20:00,18008.4800,1
SPH9,17:20:00,18548.6500,1
SPH9,17:20:00,19283.2500,17
SPH9,17:20:01,17446.7500,7
SPH9,17:20:22,17820.8400,2
SPH9,17:20:22,17639.0400,1
SPH9,17:20:26,17455.3000,8
SPH9,17:20:41,18554.7100,1
SPH9,17:20:42,18921.1000,1
SPH9,17:20:42,18737.4000,1
SPH9,17:20:42,19288.5000,1
SPH9,17:20:55,18183.3300,4
SPH9,17:20:56,18911.8300,2
SPH9,17:20:56,18539.5600,1
SPH9,17:20:56,19271.7000,1
SPH9,17:20:56,18537.5400,4
SPH9,17:20:56,18172.4400,5
SPH9,17:20:56,17438.2000,18
SPH9,17:20:56,18723.1200,2
SPH9,17:20:56,17623.6800,2
SPH9,17:20:57,18908.7400,1
SPH9,17:20:57,19275.9000,1
SPH9,17:20:57,17623.6800,1
SPH9,17:20:57,17618.8800,1
SPH9,17:20:57,17437.2500,1
SPH9,17:20:57,17804.3500,1
SPH9,17:20:57,19272.7500,1
SPH9,17:20:57,17435.3500,1
SPH9,17:20:57,17617.9200,1
SPH9,17:20:57,18718.0200,2
SPH9,17:20:57,18717.0000,1
SPH9,17:20:57,19267.5000,1
SPH9,17:20:57,19084.0000,1
SPH9,17:20:57,17799.5000,1
SPH9,17:20:57,18717.0000,2
SPH9,17:20:58,17621.7600,1
SPH9,17:21:00,18176.4000,1
SPH9,17:21:12,18350.0000,2
SPH9,17:21:14,18348.0000,1
SPH9,17:21:31,18724.1400,1
SPH9,17:21:33,17612.1600,2
SPH9,17:21:33,17797.5600,8
SPH9,17:21:33,18898.4400,2
SPH9,17:21:33,17614.0800,3
SPH9,17:21:33,18162.5400,1
SPH9,17:21:33,18712.9200,2
SPH9,17:21:33,18346.0000,1
SPH9,17:21:33,17980.0600,2
SPH9,17:21:33,19264.3500,2
SPH9,17:21:33,17796.5900,8
SPH9,17:21:33,17430.6000,2
SPH9,17:21:33,18713.9400,3
SPH9,17:21:33,18343.0000,1
SPH9,17:21:33,18155.6100,4
SPH9,17:21:33,18889.1700,2
SPH9,17:21:33,18887.1100,2
SPH9,17:21:33,18520.3700,6
SPH9,17:21:33,17422.0500,1
SPH9,17:21:33,19076.7200,1
SPH9,17:21:33,18160.5600,1
SPH9,17:21:34,18526.4300,2
SPH9,17:21:34,17792.7100,1
SPH9,17:21:34,18709.8600,1
SPH9,17:21:34,17976.1400,1
SPH9,17:21:34,17788.8300,1
SPH9,17:21:34,19252.8000,3
SPH9,17:21:34,18343.0000,1
SPH9,17:21:34,19259.1000,1
SPH9,17:21:34,18527.4400,3
SPH9,17:21:34,18710.8800,1
SPH9,17:21:34,18710.8800,10
SPH9,17:21:35,19079.8400,1
SPH9,17:21:36,18155.6100,1
SPH9,17:21:38,17795.6200,1
SPH9,17:21:38,19263.3000,1
SPH9,17:21:39,17795.6200,1
SPH9,17:21:39,17612.1600,1
SPH9,17:21:43,18529.4600,1
SPH9,17:21:49,18529.4600,1
SPH9,17:21:49,18529.4600,7
SPH9,17:21:49,18898.4400,1
SPH9,17:21:49,19265.4000,1
SPH9,17:21:52,19265.4000,8
SPH9,17:21:52,18348.0000,5
SPH9,17:21:52,19265.4000,10
SPH9,17:21:52,18531.4800,2
SPH9,17:21:52,19081.9200,8
SPH9,17:21:52,18899.4700,1
SPH9,17:21:52,18531.4800,2
SPH9,17:21:52,18899.4700,3
SPH9,17:21:53,18898.4400,1
SPH9,17:21:58,18898.4400,1
SPH9,17:21:59,17797.5600,5
SPH9,17:22:02,18530.4700,2
SPH9,17:22:02,17613.1200,3
SPH9,17:22:02,17429.6500,2
SPH9,17:22:02,19264.3500,1
SPH9,17:22:02,17613.1200,4
SPH9,17:22:02,17980.0600,2
SPH9,17:22:02,19264.3500,10
SPH9,17:22:03,18531.4800,2
SPH9,17:22:03,17614.0800,7
SPH9,17:22:03,18896.3800,2
SPH9,17:22:03,17795.6200,5
SPH9,17:22:04,18529.4600,1
SPH9,17:22:04,18162.5400,1
SPH9,17:22:07,18531.4800,1
SPH9,17:22:10,18714.9600,1
SPH9,17:22:15,18898.4400,7
SPH9,17:22:15,17430.6000,1
SPH9,17:22:15,19081.9200,3
SPH9,17:22:15,18164.5200,5
SPH9,17:22:15,18348.0000,2
SPH9,17:22:15,17430.6000,3
SPH9,17:22:21,18896.3800,2
SPH9,17:22:21,17428.7000,3
SPH9,17:22:22,18521.3800,1
SPH9,17:22:24,17427.7500,5
SPH9,17:22:24,19079.8400,2
SPH9,17:22:24,17428.7000,10
SPH9,17:22:24,19264.3500,6
SPH9,17:22:24,17430.6000,2
SPH9,17:22:24,17614.0800,3
SPH9,17:22:24,17981.0400,3
SPH9,17:22:24,17430.6000,2
SPH9,17:22:24,18532.4900,3
SPH9,17:22:24,17431.5500,2
SPH9,17:22:24,17983.0000,3
SPH9,17:22:24,17430.6000,2
SPH9,17:22:24,18715.9800,10
SPH9,17:22:24,18532.4900,3
SPH9,17:22:28,17430.6000,1
SPH9,17:22:29,17981.0400,7
SPH9,17:22:45,18348.0000,1
SPH9,17:22:46,18164.5200,1
SPH9,17:22:49,18347.0000,1
SPH9,17:22:49,18896.3800,6
SPH9,17:22:52,18163.5300,1
SPH9,17:22:52,19263.3000,1
SPH9,17:23:00,18164.5200,7
SPH9,17:23:00,17614.0800,1
SPH9,17:23:03,17981.0400,1
SPH9,17:23:14,18531.4800,1
SPH9,17:23:14,18348.0000,1
SPH9,17:23:18,17794.6500,2
SPH9,17:23:18,17611.2000,7
SPH9,17:23:18,17611.2000,3
SPH9,17:23:36,18702.7200,4
SPH9,17:23:38,18524.4100,7
SPH9,17:23:41,19258.0500,1
SPH9,17:24:12,18711.9000,6
SPH9,17:24:12,17978.1000,1
SPH9,17:24:23,18894.3200,1
SPH9,17:24:45,19077.7600,1
SPH9,17:25:10,18163.5300,1
SPH9,17:25:12,19080.8800,1
SPH9,17:25:14,18530.4700,1
SPH9,17:25:14,17980.0600,1
SPH9,17:25:14,19080.8800,3
SPH9,17:25:15,18531.4800,1
SPH9,17:25:47,17430.6000,1
SPH9,17:25:54,18897.4100,1
SPH9,17:26:48,19254.9000,25
SPH9,17:26:48,18521.3800,7
SPH9,17:26:50,17604.4800,1
SPH9,17:26:50,17421.1000,24
SPH9,17:26:51,19259.1000,1
SPH9,17:27:04,18701.7000,1
SPH9,17:27:21,18692.5200,1
SPH9,17:27:21,18874.7500,3
SPH9,17:27:21,18690.4800,9
SPH9,17:27:21,18321.0000,3
SPH9,17:27:22,17597.7600,3
SPH9,17:27:22,17414.4500,2
SPH9,17:27:22,18331.0000,1
SPH9,17:27:22,17415.4000,3
SPH9,17:27:23,18685.3800,1
SPH9,17:27:24,17768.4600,1
SPH9,17:27:29,18876.8100,1
SPH9,17:27:31,17952.6200,1
SPH9,17:27:40,18328.0000,1
SPH9,17:27:41,19062.1600,1
SPH9,17:27:43,18874.7500,10
SPH9,17:27:46,19245.4500,3
SPH9,17:27:46,17779.1300,1
SPH9,17:27:47,18145.7100,4
SPH9,17:27:47,19245.4500,3
SPH9,17:28:50,18145.7100,2
SPH9,17:28:50,17962.4200,1
SPH9,17:28:50,18511.2800,2
SPH9,17:28:52,18337.0000,2
SPH9,17:28:52,18707.8200,1
SPH9,17:28:52,18520.3700,2
SPH9,17:28:52,18520.3700,25
SPH9,17:28:52,18337.0000,2
SPH9,17:29:03,18512.2900,5
SPH9,17:29:08,18706.8000,1
SPH9,17:29:18,17607.3600,1
SPH9,17:29:18,17790.7700,1
SPH9,17:29:19,18524.4100,1
SPH9,17:29:23,18351.0000,1
SPH9,17:29:45,17428.7000,1
SPH9,17:30:16,17797.5600,4
SPH9,17:30:17,18167.4900,1
SPH9,17:30:17,19268.5500,1
SPH9,17:30:18,17984.9600,1
SPH9,17:30:30,17625.6000,1
SPH9,17:31:16,19285.3500,2
SPH9,17:31:16,18000.6400,1
SPH9,17:31:16,18736.3800,5
SPH9,17:31:16,19288.5000,4
SPH9,17:31:16,18370.0000,3
SPH9,17:31:16,18375.0000,8
SPH9,17:31:19,18736.3800,1
SPH9,17:31:45,18001.6200,4
SPH9,17:31:47,17819.8700,1
SPH9,17:31:47,18003.5800,1
SPH9,17:32:09,19097.5200,1
SPH9,17:32:16,17992.8000,1
SPH9,17:32:17,17623.6800,1
SPH9,17:32:18,17440.1000,1
SPH9,17:32:19,18725.1600,1
SPH9,17:32:20,17808.2300,1
SPH9,17:32:21,18173.4300,1
SPH9,17:32:21,18724.1400,1
SPH9,17:32:21,17806.2900,1
SPH9,17:32:22,19091.2800,1
SPH9,17:32:22,18357.0000,1
SPH9,17:32:22,18906.6800,2
SPH9,17:32:27,17988.8800,2
SPH9,17:32:37,18178.3800,4
SPH9,17:33:07,17998.6800,3
SPH9,17:33:22,17629.4400,5
SPH9,17:33:22,19097.5200,3
SPH9,17:33:27,18921.1000,5
SPH9,17:33:30,17458.1500,1
SPH9,17:33:33,18003.5800,1
SPH9,17:33:33,18554.7100,1
SPH9,17:33:34,17453.4000,2
SPH9,17:33:34,19290.6000,1
SPH9,17:33:34,18555.7200,2
SPH9,17:34:19,18193.2300,3
SPH9,17:34:19,19112.0800,2
SPH9,17:34:20,17641.9200,2
SPH9,17:34:23,17458.1500,2
SPH9,17:34:27,17642.8800,1
SPH9,17:34:29,18562.7900,1
SPH9,17:34:38,18006.5200,5
SPH9,17:34:53,17461.0000,1
SPH9,17:34:53,17828.6000,1
SPH9,17:34:53,17644.8000,6
SPH9,17:34:55,18009.4600,7
SPH9,17:34:58,19294.8000,1
SPH9,17:35:01,19111.0400,2
SPH9,17:35:15,19299.0000,1
SPH9,17:35:20,18932.4300,7
SPH9,17:35:23,17641.9200,1
SPH9,17:35:28,17828.6000,1
SPH9,17:35:34,18743.5200,1
SPH9,17:35:40,17641.9200,1
SPH9,17:35:45,17461.9500,2
SPH9,17:35:50,18927.2800,1
SPH9,17:36:09,19114.1600,1
SPH9,17:36:13,17462.9000,1
SPH9,17:36:19,18563.8000,1
SPH9,17:36:25,18748.6200,1
SPH9,17:36:35,19299.0000,1
SPH9,17:36:38,18013.3800,1
SPH9,17:36:44,17828.6000,1
SPH9,17:37:01,17644.8000,1
SPH9,17:37:18,18559.7600,1
SPH9,17:37:25,19114.1600,1
SPH9,17:38:25,18017.3000,1
SPH9,17:38:28,18565.8200,5
SPH9,17:38:30,19299.0000,2
SPH9,17:38:30,18010.4400,1
SPH9,17:38:48,18197.1900,1
SPH9,17:38:51,17461.0000,2
SPH9,17:38:51,18747.6000,6
SPH9,17:38:54,18014.3600,1
SPH9,17:38:55,18196.2000,3
SPH9,17:39:02,18201.1500,1
SPH9,17:39:19,17646.7200,1
SPH9,17:39:21,18936.5500,1
SPH9,17:39:26,18931.4000,1
SPH9,17:39:29,17642.8800,1
SPH9,17:39:35,18374.0000,1
SPH9,17:40:07,18190.2600,1
SPH9,17:40:13,18925.2200,2
SPH9,17:42:26,18367.0000,2
SPH9,17:42:26,17999.6600,13
SPH9,17:42:53,18375.0000,1
SPH9,17:43:20,18186.3000,2
SPH9,17:43:20,18926.2500,7
SPH9,17:43:21,19293.7500,1
SPH9,17:43:41,18926.2500,1
SPH9,17:43:41,18926.2500,1
SPH9,17:43:46,18008.4800,4
SPH9,17:43:46,18927.2800,5
SPH9,17:43:46,17640.9600,1
SPH9,17:44:06,17649.6000,1
SPH9,17:44:23,18202.1400,1
SPH9,17:44:23,18386.0000,1
SPH9,17:44:46,17656.3200,2
SPH9,17:44:46,17656.3200,2
SPH9,17:44:46,19314.7500,1
SPH9,17:45:01,17477.1500,1
SPH9,17:45:11,19316.8500,1
SPH9,17:45:15,19128.7200,1
SPH9,17:45:16,17661.1200,1
SPH9,17:45:16,17847.0300,1
SPH9,17:45:16,18582.9900,1
SPH9,17:45:17,18766.9800,1
SPH9,17:45:45,18766.9800,1
SPH9,17:45:56,18211.0500,9
SPH9,17:46:10,17659.2000,1
SPH9,17:46:10,17843.1500,1
SPH9,17:46:10,17475.2500,1
SPH9,17:46:10,18946.8500,22
SPH9,17:46:10,17659.2000,4
SPH9,17:46:10,18395.0000,1
SPH9,17:46:10,17843.1500,18
SPH9,17:46:53,18216.9900,4
SPH9,17:46:53,17848.9700,1
SPH9,17:46:57,18955.0900,1
SPH9,17:47:17,18227.8800,1
SPH9,17:47:55,18046.7000,5
SPH9,17:47:55,17495.2000,4
SPH9,17:47:55,19337.8500,1
SPH9,17:48:00,18600.1600,3
SPH9,17:48:16,18968.4800,1
SPH9,17:48:18,17863.5200,1
SPH9,17:48:30,19152.6400,2
SPH9,17:48:34,19335.7500,2
SPH9,17:48:34,18784.3200,3
SPH9,17:48:46,18406.0000,1
SPH9,17:48:46,19325.2500,1
SPH9,17:48:47,17484.7500,1
SPH9,17:48:52,17668.8000,1
SPH9,17:48:52,19325.2500,7
SPH9,17:49:21,18215.0100,1
SPH9,17:49:39,19332.6000,1
SPH9,17:50:00,18047.6800,1
SPH9,17:50:00,18416.0000,1
SPH9,17:50:00,18968.4800,1
SPH9,17:50:00,18784.3200,1
SPH9,17:50:00,18048.6600,1
SPH9,17:50:00,19337.8500,1
SPH9,17:50:17,18601.1700,1
SPH9,17:52:06,18776.1600,5
SPH9,17:52:06,17855.7600,1
SPH9,17:52:23,18772.0800,3
SPH9,17:52:23,18035.9200,2
SPH9,17:52:23,18035.9200,8
SPH9,17:53:53,18216.0000,1
SPH9,17:53:56,18401.0000,1
SPH9,17:55:50,17835.3900,1
SPH9,17:57:15,18210.0600,1
SPH9,18:01:06,17662.0800,1
SPH9,18:01:08,17672.6400,1
SPH9,18:02:15,17853.8200,1
SPH9,18:02:15,18221.9400,2
SPH9,18:02:17,18591.0700,2
SPH9,18:02:17,18407.0000,1
SPH9,18:03:07,18952.0000,1
SPH9,18:03:25,17840.2400,2
SPH9,18:05:21,18771.0600,1
SPH9,18:05:21,18955.0900,1
SPH9,18:05:21,17484.7500,2
SPH9,18:05:21,17668.8000,2
SPH9,18:05:21,17484.7500,1
SPH9,18:05:21,17852.8500,1
SPH9,18:05:21,18957.1500,3
SPH9,18:05:21,17851.8800,2
SPH9,18:05:21,18035.9200,1
SPH9,18:05:21,18222.9300,2
SPH9,18:05:21,18405.0000,5
SPH9,18:05:21,17484.7500,2
SPH9,18:05:21,18589.0500,2
SPH9,18:05:21,19324.2000,1
SPH9,18:05:21,18221.9400,1
SPH9,18:05:21,18412.0000,1
SPH9,18:05:22,18226.8900,1
SPH9,18:05:22,18963.3300,1
SPH9,18:05:23,19326.3000,1
SPH9,18:05:27,19326.3000,1
SPH9,18:05:27,19326.3000,1
SPH9,18:05:27,18957.1500,4
SPH9,18:05:27,18407.0000,1
SPH9,18:05:27,17670.7200,1
SPH9,18:05:27,19326.3000,4
SPH9,18:05:32,18959.2100,1
SPH9,18:05:36,17853.8200,2
SPH9,18:05:36,18773.1000,5
SPH9,18:05:36,18036.9000,1
SPH9,18:05:48,18220.9500,1
SPH9,18:05:48,17852.8500,3
SPH9,18:06:38,17853.8200,2
SPH9,18:07:07,18036.9000,1
SPH9,18:07:26,17480.0000,2
SPH9,18:07:29,18952.0000,8
SPH9,18:07:29,18765.9600,2
SPH9,18:07:29,18396.0000,8
SPH9,18:07:29,19315.8000,2
SPH9,18:07:29,17659.2000,1
SPH9,18:07:29,17475.2500,3
SPH9,18:07:29,18395.0000,2
SPH9,18:07:29,17475.2500,4
SPH9,18:07:29,17660.1600,1
SPH9,18:07:29,18392.0000,1
SPH9,18:07:30,18207.0900,1
SPH9,18:07:35,17475.2500,1
SPH9,18:07:44,18764.9400,4
SPH9,18:08:02,17841.2100,1
SPH9,18:08:02,19311.6000,4
SPH9,18:08:02,18574.9100,20
SPH9,18:08:02,17837.3300,4
SPH9,18:08:02,17839.2700,1
SPH9,18:08:02,17469.5500,1
SPH9,18:08:02,18021.2200,1
SPH9,18:08:02,18206.1000,2
SPH9,18:08:02,17837.3300,5
SPH9,18:08:02,17652.4800,5
SPH9,18:08:02,19306.3500,1
SPH9,18:08:02,19304.2500,1
SPH9,18:08:03,18201.1500,1
SPH9,18:08:04,18385.0000,4
SPH9,18:08:04,18752.7000,1
SPH9,18:08:04,17465.7500,1
SPH9,18:08:20,18023.1800,4
SPH9,18:08:33,18022.2000,2
SPH9,18:08:33,18390.0000,5
SPH9,18:13:03,18940.6700,1
SPH9,18:13:03,18021.2200,1
SPH9,18:14:14,17650.5600,2
SPH9,18:14:14,17464.8000,4
SPH9,18:14:14,17648.6400,9
SPH9,18:14:23,19119.3600,1
SPH9,18:14:34,18569.8600,4
SPH9,18:14:34,17834.4200,16
SPH9,18:14:43,19113.1200,1
SPH9,18:14:43,17457.2000,1
SPH9,18:15:22,18557.7400,1
SPH9,18:15:23,18921.1000,1
SPH9,18:15:54,17824.7200,1
SPH9,18:16:42,18918.0100,4
SPH9,18:16:42,18183.3300,10
SPH9,18:16:42,19101.6800,5
SPH9,18:16:42,17448.6500,1
SPH9,18:16:42,18733.3200,2
SPH9,18:16:42,19282.2000,5
SPH9,18:16:42,18731.2800,5
SPH9,18:16:42,17629.4400,14
SPH9,18:16:42,18179.3700,7
SPH9,18:16:42,18546.6300,1
SPH9,18:16:42,17628.4800,2
SPH9,18:16:42,18545.6200,2
SPH9,18:16:42,18177.3900,2
SPH9,18:16:42,17993.7800,2
SPH9,18:16:42,18176.4000,2
SPH9,18:16:42,18730.2600,2
SPH9,18:16:42,17439.1500,1
SPH9,18:16:52,17445.8000,2
SPH9,18:16:52,18180.3600,2
SPH9,18:17:08,18539.5600,1
SPH9,18:17:08,17805.3200,1
SPH9,18:17:08,18168.4800,1
SPH9,18:17:08,17612.1600,2
SPH9,18:17:08,17609.2800,1
SPH9,18:17:08,18355.0000,1
SPH9,18:17:09,19263.3000,1
SPH9,18:17:09,18530.4700,3
SPH9,18:17:09,18894.3200,1
SPH9,18:17:11,18898.4400,10
SPH9,18:17:11,19264.3500,1
SPH9,18:17:17,19261.2000,1
SPH9,18:17:17,18344.0000,4
SPH9,18:17:17,18710.8800,6
SPH9,18:17:23,17786.8900,3
SPH9,18:17:23,17969.2800,1
SPH9,18:17:59,18161.5500,1
SPH9,18:18:37,17975.1600,2
SPH9,18:18:37,18709.8600,1
SPH9,18:18:37,19260.1500,3
SPH9,18:18:37,18343.0000,2
SPH9,18:18:37,19077.7600,2
SPH9,18:18:37,18344.0000,2
SPH9,18:19:08,18524.4100,1
SPH9,18:19:39,17983.0000,1
SPH9,18:19:39,17983.0000,1
SPH9,18:19:39,17983.0000,1
SPH9,18:19:45,17612.1600,2
SPH9,18:19:50,18165.5100,2
SPH9,18:19:50,17798.5300,11
SPH9,18:19:50,17798.5300,3
SPH9,18:19:50,18715.9800,2
SPH9,18:19:50,19266.4500,2
SPH9,18:20:17,19085.0400,2
SPH9,18:20:29,18537.5400,1
SPH9,18:20:43,18173.4300,20
SPH9,18:21:24,18715.9800,2
SPH9,18:21:24,18165.5100,3
SPH9,18:21:24,19082.9600,1
SPH9,18:21:31,18162.5400,2
SPH9,18:22:34,19075.6800,2
SPH9,18:22:34,18707.8200,3
SPH9,18:22:42,19257.0000,1
SPH9,18:22:42,17973.2000,1
SPH9,18:23:00,18705.7800,2
SPH9,18:23:03,18519.3600,1
SPH9,18:23:03,17419.2000,1
SPH9,18:23:04,18885.0500,1
SPH9,18:23:14,18333.0000,2
SPH9,18:23:19,18699.6600,2
SPH9,18:23:19,19066.3200,3
SPH9,18:23:21,18697.6200,1
SPH9,18:23:21,18882.9900,2
SPH9,18:23:23,19064.2400,1
SPH9,18:23:24,18514.3100,1
SPH9,18:24:01,18875.7800,1
SPH9,18:24:01,17592.9600,2
SPH9,18:24:01,19241.2500,1
SPH9,18:24:01,18321.0000,3
SPH9,18:24:02,17767.4900,1
SPH9,18:24:02,19231.8000,2
SPH9,18:24:02,18132.8400,1
SPH9,18:24:02,17583.3600,1
SPH9,18:24:02,18865.4800,2
SPH9,18:24:02,18132.8400,2
SPH9,18:24:02,18499.1600,1
SPH9,18:24:02,18499.1600,1
SPH9,18:24:02,18316.0000,1
SPH9,18:24:03,19231.8000,1
SPH9,18:24:03,18499.1600,1
SPH9,18:24:03,18316.0000,1
SPH9,18:24:03,17949.6800,1
SPH9,18:24:03,17583.3600,1
SPH9,18:24:03,18132.8400,2
SPH9,18:24:03,17400.2000,1
SPH9,18:24:03,19048.6400,1
SPH9,18:24:06,19232.8500,2
SPH9,18:24:06,17767.4900,1
SPH9,18:24:07,18865.4800,1
SPH9,18:24:14,18682.3200,1
SPH9,18:24:25,17401.1500,2
SPH9,18:24:25,17401.1500,1
SPH9,18:25:44,18692.5200,1
SPH9,18:26:01,17959.4800,4
SPH9,18:27:29,19074.6400,1
SPH9,18:27:30,18156.6000,1
SPH9,18:27:31,18708.8400,1
SPH9,18:27:31,17608.3200,1
SPH9,18:27:43,17788.8300,2
SPH9,18:27:44,17605.4400,1
SPH9,18:27:44,17972.2200,1
SPH9,18:27:44,18888.1400,5
SPH9,18:27:56,17599.6800,2
SPH9,18:27:56,18699.6600,3
SPH9,18:27:57,17415.4000,1
SPH9,18:28:01,18154.6200,2
SPH9,18:28:01,19071.5200,3
SPH9,18:28:01,18881.9600,1
SPH9,18:28:05,19253.8500,1
SPH9,18:28:08,18887.1100,1
SPH9,18:28:10,17419.2000,1
SPH9,18:28:15,18332.0000,4
SPH9,18:28:21,19065.2800,4
SPH9,18:28:42,17417.3000,1
SPH9,18:28:42,17417.3000,4
SPH9,18:29:01,17776.2200,1
SPH9,18:29:01,17958.5000,2
SPH9,18:29:32,17957.5200,4
SPH9,18:29:32,18689.4600,1
SPH9,18:30:15,19062.1600,4
SPH9,18:30:17,18513.3000,1
SPH9,18:31:15,17785.9200,1
SPH9,18:31:15,17969.2800,1
SPH9,18:31:15,18152.6400,1
SPH9,18:31:33,18892.2600,4
SPH9,18:31:54,18164.5200,1
SPH9,18:31:55,19081.9200,1
SPH9,18:31:55,17614.0800,19
SPH9,18:31:55,17797.5600,1
SPH9,18:32:07,18714.9600,1
SPH9,18:32:21,18339.0000,2
SPH9,18:32:21,18890.2000,1
SPH9,18:32:21,18880.9300,2
SPH9,18:32:21,17413.5000,1
SPH9,18:32:21,19063.2000,2
SPH9,18:32:21,18145.7100,4
SPH9,18:32:21,18512.2900,1
SPH9,18:32:34,18708.8400,1
SPH9,18:32:37,19075.6800,2
SPH9,18:32:37,18158.5800,5
SPH9,18:32:37,18523.4000,3
SPH9,18:32:37,17423.9500,2
SPH9,18:32:41,18156.6000,1
SPH9,18:32:41,19064.2400,2
SPH9,18:32:56,19067.3600,1
SPH9,18:33:19,17409.7000,2
SPH9,18:33:27,19242.3000,1
SPH9,18:33:48,17588.1600,1
SPH9,18:33:49,17771.3700,1
SPH9,18:33:50,17952.6200,3
SPH9,18:33:50,18135.8100,6
SPH9,18:33:50,17954.5800,3
SPH9,18:33:50,19053.8400,3
SPH9,18:34:13,18321.0000,7
SPH9,18:35:03,18137.7900,1
SPH9,18:35:28,18504.2100,4
SPH9,18:35:29,17405.9000,1
SPH9,18:35:37,18866.5100,1
SPH9,18:35:37,18682.3200,2
SPH9,18:35:37,18316.0000,8
SPH9,18:35:38,18865.4800,1
SPH9,18:35:39,18132.8400,1
SPH9,18:35:39,17949.6800,1
SPH9,18:35:39,19231.8000,1
SPH9,18:35:39,18865.4800,14
SPH9,18:35:39,18865.4800,2
SPH9,18:35:40,17761.6700,1
SPH9,18:35:40,17944.7800,3
SPH9,18:35:40,18124.9200,1
SPH9,18:35:40,18673.1400,5
SPH9,18:35:41,18677.2200,9
SPH9,18:35:41,17757.7900,1
SPH9,18:35:41,17573.7600,1
SPH9,18:35:41,17390.7000,1
SPH9,18:35:41,19034.0800,1
SPH9,18:35:41,18667.0200,1
SPH9,18:35:41,18117.9900,1
SPH9,18:35:41,18667.0200,1
SPH9,18:35:41,17385.9500,1
SPH9,18:35:41,17568.9600,2
SPH9,18:35:44,19033.0400,1
SPH9,18:35:44,18117.9900,1
SPH9,18:35:44,19033.0400,1
SPH9,18:35:44,18483.0000,1
SPH9,18:35:44,17385.9500,2
SPH9,18:35:44,18666.0000,7
SPH9,18:35:45,18667.0200,1
SPH9,18:35:45,17568.9600,1
SPH9,18:35:49,18308.0000,3
SPH9,18:35:49,19040.3200,3
SPH9,18:35:55,18483.0000,3
SPH9,18:35:55,19032.0000,1
SPH9,18:35:55,18849.0000,1
SPH9,18:35:55,19032.0000,1
SPH9,18:35:55,17933.0200,2
SPH9,18:35:55,17383.1000,5
SPH9,18:35:55,17382.1500,1
SPH9,18:35:55,18479.9700,1
SPH9,18:35:56,17382.1500,1
SPH9,18:35:56,17381.2000,2
SPH9,18:35:58,18117.0000,5
SPH9,18:35:58,17568.9600,1
SPH9,18:36:00,18851.0600,5
SPH9,18:36:00,17382.1500,1
SPH9,18:36:00,17752.9400,1
SPH9,18:36:02,18845.9100,1
SPH9,18:36:03,18117.9900,1
SPH9,18:36:11,18850.0300,1
SPH9,18:36:18,17755.8500,2
SPH9,18:36:18,17941.8400,2
SPH9,18:36:18,19040.3200,1
SPH9,18:36:18,18128.8800,5
SPH9,18:36:24,19040.3200,2
SPH9,18:36:24,17758.7600,5
SPH9,18:36:24,17393.5500,5
SPH9,18:36:24,17578.5600,3
SPH9,18:37:21,17382.1500,1
SPH9,18:37:21,19028.8800,1
SPH9,18:37:37,17752.9400,1
SPH9,18:37:37,19037.2000,2
SPH9,18:37:37,17755.8500,3
SPH9,18:37:38,18487.0400,4
SPH9,18:37:38,18487.0400,1
SPH9,18:37:38,17571.8400,1
SPH9,18:37:39,18120.9600,1
SPH9,18:37:46,17937.9200,4
SPH9,18:37:47,19221.3000,5
SPH9,18:37:54,19039.2800,1
SPH9,18:37:55,17392.6000,1
SPH9,18:37:56,17388.8000,6
SPH9,18:37:56,18304.0000,1
SPH9,18:38:02,19036.1600,1
SPH9,18:38:04,18122.9400,5
SPH9,18:38:24,18674.1600,10
SPH9,18:38:24,17576.6400,2
SPH9,18:38:46,19044.4800,7
SPH9,18:38:46,18312.0000,5
SPH9,18:38:47,19046.5600,10
SPH9,18:38:51,18131.8500,1
SPH9,18:39:00,18866.5100,3
SPH9,18:39:19,18319.0000,1
SPH9,18:39:27,18858.2700,1
SPH9,18:39:34,17943.8000,1
SPH9,18:39:48,17398.3000,2
SPH9,18:39:59,19229.7000,2
SPH9,18:39:59,17947.7200,5
SPH9,18:39:59,18131.8500,3
SPH9,18:40:05,19217.1000,1
SPH9,18:40:06,19220.2500,2
SPH9,18:40:14,17751.9700,1
SPH9,18:42:37,17939.8800,2
SPH9,18:44:44,18489.0600,2
SPH9,18:44:51,18491.0800,1
SPH9,18:44:51,18124.9200,3
SPH9,18:44:51,17758.7600,4
SPH9,18:44:51,18124.9200,3
SPH9,18:44:51,17941.8400,2
SPH9,18:44:52,18123.9300,2
SPH9,19:09:24,17125.4400,1
SPH9,19:09:24,17304.8000,2
SPH9,19:09:24,18019.4100,1
SPH9,19:09:26,18530.7200,2
SPH9,19:09:26,18708.9000,1
SPH9,19:09:26,17817.0000,1
SPH9,19:09:26,17995.1700,3
SPH9,19:09:26,17813.0000,1
SPH9,19:09:26,18346.3600,2
SPH9,19:09:26,18522.4000,2
SPH9,19:09:27,17988.1000,1
SPH9,19:09:27,17275.7000,1
SPH9,19:09:27,18166.2000,2
SPH9,19:09:27,18342.2400,2
SPH9,19:09:27,17450.8600,1
SPH9,19:09:27,16913.8000,2
SPH9,19:09:27,17980.0200,3
SPH9,19:09:30,17110.0800,1
SPH9,19:10:30,18184.5600,2
SPH9,19:20:19,18533.8400,1
SPH9,19:21:19,18535.9200,1
SPH9,19:21:19,17649.7200,1
SPH9,19:33:08,18186.6000,1
SPH9,19:33:08,18721.5000,2
SPH9,19:33:21,17473.4000,2
SPH9,19:34:30,16940.4000,1
SPH9,19:34:30,18010.3200,2
SPH9,19:34:43,17832.0000,2
SPH9,19:35:05,17118.7200,1
SPH9,19:35:05,18366.9600,2
SPH9,19:35:07,17476.3400,1
SPH9,19:35:52,17834.0000,2
SPH9,19:36:29,18360.7800,4
SPH9,19:36:29,18357.6900,1
SPH9,19:36:29,17286.3700,1
SPH9,19:36:30,18176.4000,1
SPH9,19:36:50,18533.8400,2
SPH9,19:36:50,18354.6000,1
SPH9,19:36:50,17463.6000,5
SPH9,19:36:50,17463.6000,3
SPH9,19:36:51,17098.5600,5
SPH9,19:36:51,17454.7800,5
SPH9,19:36:51,17988.1000,5
SPH9,19:36:51,17810.0000,5
SPH9,19:36:51,18343.2700,1
SPH9,19:36:52,17630.9100,1
SPH9,19:36:54,17102.4000,2
SPH9,19:38:35,18520.3200,1
SPH9,19:38:35,16917.6000,1
SPH9,19:39:02,18514.0800,1
SPH9,19:40:06,18158.0400,1
SPH9,19:40:06,17802.0000,1
SPH9,19:40:21,16910.9500,1
SPH9,19:40:23,18688.9500,1
SPH9,19:40:24,16907.1500,4
SPH9,19:40:32,17079.3600,1
SPH9,19:40:32,17256.3000,1
SPH9,19:40:38,17607.1500,3
SPH9,19:40:38,17072.6400,1
SPH9,19:40:39,18314.4300,1
SPH9,19:40:39,18136.6200,1
SPH9,19:40:39,17781.0000,1
SPH9,19:40:39,16891.0000,1
SPH9,19:40:39,16891.0000,1
SPH9,19:40:40,16891.0000,1
SPH9,19:40:40,16887.2000,3
SPH9,19:42:19,17074.5600,4
SPH9,19:42:19,16896.7000,1
SPH9,19:42:19,17602.2000,3
SPH9,19:42:19,16891.0000,6
SPH9,19:42:19,17246.6000,1
SPH9,19:42:20,18657.4500,1
SPH9,19:42:28,18304.1300,1
SPH9,19:45:17,18125.4000,1
SPH9,19:45:19,17414.6000,1
SPH9,19:47:47,16881.5000,1
SPH9,19:47:47,17414.6000,2
SPH9,19:47:48,17414.6000,1
SPH9,19:47:49,17592.3000,1
SPH9,19:47:49,17408.7200,2
SPH9,19:49:15,17057.2800,1
SPH9,19:49:15,18300.0100,1
SPH9,19:49:19,17765.0000,3
SPH9,19:51:09,17417.5400,1
SPH9,19:51:10,17779.0000,1
SPH9,19:51:39,17058.2400,6
SPH9,19:51:39,18124.3800,1
SPH9,19:53:51,17063.0400,1
SPH9,19:58:03,17596.2600,1
SPH9,20:02:04,18672.1500,1
SPH9,20:02:50,17945.6800,2
SPH9,20:02:50,18656.4000,6
SPH9,20:04:33,18653.2500,2
SPH9,20:04:33,16876.7500,1
SPH9,20:04:33,18653.2500,3
SPH9,20:04:33,17765.0000,6
SPH9,20:05:00,18494.3200,2
SPH9,20:05:02,18322.6700,2
SPH9,20:25:13,17620.0200,2
SPH9,20:25:13,17620.0200,2
SPH9,20:25:15,17975.9800,6
SPH9,20:25:15,17975.9800,3
SPH9,20:25:15,17264.0600,4
SPH9,20:25:15,18331.9400,1
SPH9,20:25:15,17975.9800,2
SPH9,20:27:17,17799.0000,3
SPH9,20:32:08,18315.4600,1
SPH9,20:40:27,17592.3000,1
SPH9,20:40:28,17768.0000,1
SPH9,20:40:29,18297.9500,1
SPH9,20:41:39,17766.0000,1
SPH9,20:41:39,18654.3000,1
SPH9,20:41:39,16877.7000,1
SPH9,20:41:39,17409.7000,1
SPH9,20:41:45,17587.3500,1
SPH9,20:42:05,18650.1000,2
SPH9,20:42:05,17229.1400,8
SPH9,20:42:05,16872.9500,3
SPH9,20:42:05,18116.2200,2
SPH9,20:42:06,18292.8000,4
SPH9,20:42:06,17937.6000,2
SPH9,20:42:06,17760.0000,1
SPH9,20:42:06,17582.4000,1
SPH9,20:42:06,17930.5300,1
SPH9,20:42:06,17042.8800,4
SPH9,20:42:06,17927.5000,1
SPH9,20:42:07,17929.5200,2
SPH9,20:42:07,16862.5000,3
SPH9,20:42:07,17217.5000,5
SPH9,20:42:07,18460.0000,1
SPH9,20:42:07,18637.5000,5
SPH9,20:42:07,16862.5000,4
SPH9,20:42:07,17217.5000,3
SPH9,20:42:07,16862.5000,2
SPH9,20:42:07,17040.0000,1
SPH9,20:42:08,18457.9200,2
SPH9,20:42:08,17916.3900,3
SPH9,20:42:08,18632.2500,1
SPH9,20:42:08,16857.7500,1
SPH9,20:42:08,17036.1600,1
SPH9,20:42:08,17561.6100,1
SPH9,20:42:08,18441.2800,1
SPH9,20:42:08,16845.4000,2
SPH9,20:42:08,17377.3600,1
SPH9,20:42:08,18260.8700,1
SPH9,20:42:08,17901.2400,1
SPH9,20:42:10,17373.4400,1
SPH9,20:42:10,17201.0100,1
SPH9,20:42:10,17198.1000,2
SPH9,20:42:11,18444.4000,4
SPH9,20:43:47,17914.3700,1
SPH9,20:44:05,17926.4900,1
SPH9,20:44:10,17029.4400,1
SPH9,20:44:33,17031.3600,1
SPH9,20:46:31,18631.2000,2
SPH9,20:46:31,17390.1000,4
SPH9,20:46:31,17570.5200,5
SPH9,20:46:31,18636.4500,1
SPH9,20:46:31,17571.5100,5
SPH9,20:46:31,17756.0000,2
SPH9,20:46:31,18470.4000,4
SPH9,20:46:31,18116.2200,2
SPH9,20:46:31,18471.4400,4
SPH9,20:46:32,17044.8000,6
SPH9,20:46:43,18271.1700,1
SPH9,20:49:26,17945.6800,6
SPH9,20:49:26,17590.3200,5
SPH9,20:49:26,17946.6900,2
SPH9,20:49:26,18302.0700,6
SPH9,20:49:26,17235.9300,5
SPH9,20:49:26,17058.2400,5
SPH9,20:49:26,18657.4500,1
SPH9,20:54:11,18637.5000,1
SPH9,20:54:11,17767.0000,1
SPH9,20:54:11,17767.0000,1
SPH9,20:54:12,17216.5300,1
SPH9,20:54:32,17411.6600,1
SPH9,20:55:10,17947.7000,2
SPH9,21:06:02,18658.5000,1
SPH9,21:07:44,18309.2800,4
SPH9,21:07:45,17438.1200,1
SPH9,21:08:44,18143.7600,1
SPH9,21:16:57,18483.9200,2
SPH9,21:16:57,17950.7300,1
SPH9,21:16:57,16897.6500,1
SPH9,21:22:03,17964.8700,1
SPH9,21:22:03,18320.6100,1
SPH9,21:22:03,17431.2600,1
SPH9,21:25:12,18322.6700,2
SPH9,21:25:15,17434.2000,1
SPH9,21:25:25,17079.3600,1
SPH9,21:25:52,18501.6000,2
SPH9,21:26:54,17438.1200,2
SPH9,21:27:27,17795.0000,1
SPH9,21:27:27,18684.7500,2
SPH9,21:27:32,18327.8200,2
SPH9,21:28:00,17971.9400,1
SPH9,21:31:02,18685.8000,1
SPH9,21:31:02,18151.9200,3
SPH9,21:31:34,17260.1800,1
SPH9,21:31:40,17257.2700,1
SPH9,21:31:40,17079.3600,1
SPH9,21:31:55,16896.7000,3
SPH9,21:38:28,17957.8000,2
SPH9,21:38:28,18135.6000,2
SPH9,21:38:28,16891.0000,4
SPH9,21:38:45,18505.7600,1
SPH9,21:46:47,17431.2600,1
SPH9,21:51:09,18317.5200,2
SPH9,21:51:09,18673.2000,2
SPH9,22:06:53,17971.9400,2
SPH9,22:07:19,18686.8500,4
SPH9,22:08:26,17441.0600,1
SPH9,22:08:56,18334.0000,1
SPH9,22:10:04,17623.9800,1
SPH9,22:10:16,18158.0400,1
SPH9,22:10:56,18512.0000,1
SPH9,22:12:06,17982.0400,2
SPH9,22:12:06,18338.1200,1
SPH9,22:12:29,18708.9000,2
SPH9,22:12:29,17282.4900,2
SPH9,22:12:29,18529.6800,1
SPH9,22:12:30,18174.3600,1
SPH9,22:12:31,17460.6600,3
SPH9,22:12:31,18529.6800,1
SPH9,23:11:06,18164.1600,3
SPH9,23:11:07,17094.7200,1
SPH9,23:11:07,17272.7900,2
SPH9,23:16:06,18313.4000,2
SPH9,23:16:06,17957.8000,6
SPH9,23:30:00,18685.8000,5
SPH9,23:37:18,17962.8500,1
SPH9,23:37:19,17781.0000,3
SPH9,23:37:19,17953.7600,3
SPH9,10:00:00,17620.0200,3
SPH9,10:00:00,16908.1000,1
SPH9,10:00:06,18687.9000,4
SPH9,10:00:06,17442.0400,1
SPH9,10:00:06,17442.0400,1
SPH9,10:00:06,18153.9600,1
SPH9,10:00:06,17620.0200,1
SPH9,10:00:07,17264.0600,4
SPH9,10:00:07,16908.1000,3
SPH9,10:00:07,17975.9800,3
SPH9,10:00:09,17259.2100,1
SPH9,10:00:13,18670.0500,1
SPH9,10:00:13,17422.4400,1
SPH9,10:00:13,18489.1200,4
SPH9,10:00:13,18133.5600,4
SPH9,10:00:13,17242.7200,8
SPH9,10:00:13,18664.8000,2
SPH9,10:00:13,17949.7200,1
SPH9,10:00:13,17233.0200,2
SPH9,10:00:13,17232.0500,4
SPH9,10:00:13,17586.3600,1
SPH9,10:00:13,17598.2400,1
SPH9,10:00:13,18487.0400,2
SPH9,10:00:13,18309.2800,2
SPH9,10:00:13,17243.6900,1
SPH9,10:00:13,17420.4800,4
SPH9,10:00:13,17420.4800,2
SPH9,10:00:13,17776.0000,2
SPH9,10:00:14,17755.0000,2
SPH9,10:00:15,18111.1200,2
SPH9,10:00:15,18300.0100,2
SPH9,10:00:15,17932.5500,2
SPH9,10:00:16,17583.3900,6
SPH9,10:00:16,17750.0000,2
SPH9,10:00:16,17389.1200,3
SPH9,10:00:17,17747.0000,3
SPH9,10:00:21,18469.3600,1
SPH9,10:00:21,17048.6400,2
SPH9,10:00:21,18115.2000,3
SPH9,10:00:26,16863.4500,2
SPH9,10:00:26,17040.9600,1
SPH9,10:00:28,17399.9000,1
SPH9,10:00:28,17932.5500,4
SPH9,10:00:29,17764.0000,6
SPH9,10:00:29,18296.9200,2
SPH9,10:00:29,18657.4500,4
SPH9,10:00:31,17233.9900,1
SPH9,10:00:31,17589.3300,1
SPH9,10:00:32,17241.7500,1
SPH9,10:00:32,17597.2500,14
SPH9,10:00:33,17607.1500,1
SPH9,10:00:33,18323.7000,4
SPH9,10:00:34,17622.0000,2
SPH9,10:00:34,17963.8600,1
SPH9,10:00:37,17085.1200,1
SPH9,10:00:37,17263.0900,1
SPH9,10:00:37,18330.9100,1
SPH9,10:00:37,18152.9400,1
SPH9,10:00:37,17974.9700,1
SPH9,10:00:37,17263.0900,4
SPH9,10:00:37,17974.9700,1
SPH9,10:00:37,17263.0900,1
SPH9,10:00:37,17974.9700,8
SPH9,10:00:37,17797.0000,1
SPH9,10:00:37,18153.9600,1
SPH9,10:00:37,16908.1000,1
SPH9,10:00:37,17264.0600,5
SPH9,10:00:38,18335.0300,1
SPH9,10:00:40,17272.7900,7
SPH9,10:00:41,18345.3300,4
SPH9,10:00:41,18345.3300,1
SPH9,10:00:41,17099.5200,1
SPH9,10:00:42,17269.8800,3
SPH9,10:00:42,18338.1200,1
SPH9,10:00:42,17091.8400,1
SPH9,10:00:43,17276.6700,1
SPH9,10:00:43,18701.5500,1
SPH9,10:00:43,18687.9000,1
SPH9,10:00:47,18347.3900,1
SPH9,10:00:56,17987.0900,2
SPH9,10:00:57,17813.0000,1
SPH9,10:00:57,17280.5500,3
SPH9,10:00:58,16928.0500,1
SPH9,10:00:58,16929.0000,1
SPH9,10:00:58,18711.0000,9
SPH9,10:00:58,18355.6300,1
SPH9,10:01:00,18531.7600,1
SPH9,10:01:00,17993.1500,1
SPH9,10:01:00,18705.7500,1
SPH9,10:01:00,17102.4000,1
SPH9,10:01:00,18709.9500,3
SPH9,10:01:00,18527.6000,1
SPH9,10:01:00,17278.6100,1
SPH9,10:01:00,18352.5400,1
SPH9,10:01:01,18523.4400,1
SPH9,10:01:01,17996.1800,2
SPH9,10:01:01,17461.6400,7
SPH9,10:01:01,18167.2200,1
SPH9,10:01:01,17811.0000,1
SPH9,10:01:01,18167.2200,2
SPH9,10:01:01,17454.7800,1
SPH9,10:01:01,17096.6400,1
SPH9,10:01:01,18343.2700,1
SPH9,10:01:02,16918.5500,2
SPH9,10:01:02,17985.0700,1
SPH9,10:01:02,17271.8200,1
SPH9,10:01:03,17103.3600,1
SPH9,10:01:03,18528.6400,2
SPH9,10:01:03,17996.1800,3
SPH9,10:01:03,18174.3600,5
SPH9,10:01:03,17100.4800,1
SPH9,10:01:05,17807.0000,2
SPH9,10:01:05,16916.6500,1
SPH9,10:01:05,18517.2000,1
SPH9,10:01:06,16912.8500,2
SPH9,10:01:07,18337.0900,5
SPH9,10:01:07,18339.1500,3
SPH9,10:01:07,17092.8000,2
SPH9,10:01:07,18517.2000,2
SPH9,10:01:07,17802.0000,1
SPH9,10:01:08,17089.9200,2
SPH9,10:01:08,17624.9700,1
SPH9,10:01:08,17090.8800,2
SPH9,10:01:15,17616.0600,2
SPH9,10:01:15,17438.1200,1
SPH9,10:01:15,17437.1400,1
SPH9,10:01:15,17967.9000,1
SPH9,10:01:15,18501.6000,1
SPH9,10:01:16,18323.7000,1
SPH9,10:01:16,16900.5000,1
SPH9,10:01:16,17078.4000,1
SPH9,10:01:16,17612.1000,1
SPH9,10:01:24,18688.9500,1
SPH9,10:01:30,17796.0000,1
SPH9,10:01:30,17262.1200,1
SPH9,10:01:32,16913.8000,1
SPH9,10:01:40,18343.2700,1
SPH9,10:02:05,18701.5500,4
SPH9,10:02:06,17100.4800,1
SPH9,10:02:11,18507.8400,1
SPH9,10:02:16,17810.0000,5
SPH9,10:02:16,17988.1000,2
SPH9,10:02:16,16918.5500,2
SPH9,10:02:16,18699.4500,1
SPH9,10:02:16,17630.9100,1
SPH9,10:02:16,17985.0700,5
SPH9,10:02:23,17461.6400,3
SPH9,10:02:23,16927.1000,2
SPH9,10:02:23,17639.8200,3
SPH9,10:02:23,18711.0000,1
SPH9,10:02:24,18176.4000,4
SPH9,10:02:24,17464.5800,4
SPH9,10:02:24,17641.8000,5
SPH9,10:02:24,18533.8400,5
SPH9,10:02:26,18534.8800,1
SPH9,10:02:27,17112.0000,1
SPH9,10:02:27,18362.8400,1
SPH9,10:02:27,18362.8400,4
SPH9,10:02:27,17294.1300,1
SPH9,10:02:27,18362.8400,5
SPH9,10:02:27,18715.2000,1
SPH9,10:02:27,17645.7600,1
SPH9,10:02:28,17645.7600,2
SPH9,10:02:28,17468.5000,5
SPH9,10:02:28,18714.1500,7
SPH9,10:02:28,17821.0000,7
SPH9,10:02:30,17289.2800,2
SPH9,10:02:30,18003.2500,3
SPH9,10:02:33,17988.1000,1
SPH9,10:02:36,17635.8600,5
SPH9,10:02:36,18348.4200,5
SPH9,10:02:37,17814.0000,1
SPH9,10:02:37,18348.4200,3
SPH9,10:02:37,17635.8600,1
SPH9,10:02:37,18526.5600,1
SPH9,10:02:37,18526.5600,4
SPH9,10:02:39,17819.0000,1
SPH9,10:02:39,17997.1900,1
SPH9,10:02:39,18531.7600,1
SPH9,10:02:39,17640.8100,1
SPH9,10:02:42,17465.5600,1
SPH9,10:02:42,18356.6600,1
SPH9,10:02:42,17822.0000,6
SPH9,10:02:42,18534.8800,5
SPH9,10:02:42,18356.6600,1
SPH9,10:02:44,16928.0500,5
SPH9,10:02:47,18714.1500,1
SPH9,10:02:47,16931.8500,4
SPH9,10:02:51,18360.7800,1
SPH9,10:02:53,17641.8000,4
SPH9,10:02:54,18174.3600,2
SPH9,10:02:54,17283.4600,2
SPH9,10:02:54,17639.8200,1
SPH9,10:02:54,17106.2400,2
SPH9,10:02:54,17997.1900,2
SPH9,10:02:54,17997.1900,1
SPH9,10:03:00,18175.3800,1
SPH9,10:03:00,17640.8100,4
SPH9,10:03:00,17288.3100,5
SPH9,10:03:00,17462.6200,1
SPH9,10:03:00,18531.7600,1
SPH9,10:03:02,18706.8000,2
SPH9,10:03:02,17637.8400,3
SPH9,10:03:06,18182.5200,1
SPH9,10:03:06,17291.2200,4
SPH9,10:03:06,18534.8800,2
SPH9,10:03:06,17109.1200,5
SPH9,10:03:06,17642.7900,3
SPH9,10:03:06,17284.4300,5
SPH9,10:03:08,18532.8000,3
SPH9,10:03:08,17820.0000,1
SPH9,10:03:08,17820.0000,1
SPH9,10:03:14,17474.3800,4
SPH9,10:03:14,17652.6900,3
SPH9,10:03:14,17117.7600,2
SPH9,10:03:14,18011.3300,2
SPH9,10:03:14,18011.3300,1
SPH9,10:03:14,16941.3500,6
SPH9,10:03:14,18546.3200,3
SPH9,10:03:14,18192.7200,2
SPH9,10:03:14,17836.0000,1
SPH9,10:03:14,18200.8800,2
SPH9,10:03:15,17308.6800,1
SPH9,10:03:15,17125.4400,1
SPH9,10:03:17,17663.5800,2
SPH9,10:03:18,16949.9000,1
SPH9,10:03:18,17840.0000,1
SPH9,10:03:18,18553.6000,1
SPH9,10:03:18,17660.6100,7
SPH9,10:03:21,17305.7700,10
SPH9,10:03:21,17305.7700,7
SPH9,10:03:21,18376.2300,1
SPH9,10:03:21,17309.6500,1
SPH9,10:03:21,18739.3500,1
SPH9,10:03:23,17847.0000,1
SPH9,10:03:26,17669.5200,1
SPH9,10:03:26,18204.9600,1
SPH9,10:03:28,18743.5500,1
SPH9,10:03:28,17136.9600,1
SPH9,10:03:28,17136.9600,1
SPH9,10:03:29,17851.0000,2
SPH9,10:03:30,18566.0800,4
SPH9,10:03:30,18391.6800,4
SPH9,10:03:31,18392.7100,1
SPH9,10:03:31,16967.0000,4
SPH9,10:03:31,17502.8000,5
SPH9,10:03:31,17502.8000,5
SPH9,10:03:32,18575.4400,1
SPH9,10:03:32,16967.9500,10
SPH9,10:03:32,18754.0500,1
SPH9,10:03:32,17682.3900,8
SPH9,10:03:32,17147.5200,3
SPH9,10:03:32,18220.2600,3
SPH9,10:03:32,18759.3000,2
SPH9,10:03:32,18044.6600,1
SPH9,10:03:32,17504.7600,1
SPH9,10:03:33,18580.6400,1
SPH9,10:03:33,17685.3600,1
SPH9,10:03:33,18041.6300,2
SPH9,10:03:33,18398.8900,1
SPH9,10:03:33,16971.7500,5
SPH9,10:03:33,17151.3600,41
SPH9,10:03:33,18761.4000,5
SPH9,10:03:33,17153.2800,10
SPH9,10:03:33,17689.3200,5
SPH9,10:03:33,18404.0400,10
SPH9,10:03:33,17332.9300,1
SPH9,10:03:33,18226.3800,1
SPH9,10:03:33,17331.9600,10
SPH9,10:03:34,18583.7600,1
SPH9,10:03:34,17869.0000,1
SPH9,10:03:34,17332.9300,1
SPH9,10:03:34,18047.6900,1
SPH9,10:03:34,17690.3100,1
SPH9,10:03:34,17511.6200,10
SPH9,10:03:34,17512.6000,5
SPH9,10:03:34,17513.5800,1
SPH9,10:03:34,17873.0000,4
SPH9,10:03:34,17869.0000,5
SPH9,10:03:34,17511.6200,5
SPH9,10:03:34,18762.4500,1
SPH9,10:03:35,17511.6200,3
SPH9,10:03:35,16975.5500,1
SPH9,10:03:35,17334.8700,2
SPH9,10:03:35,18407.1300,1
SPH9,10:03:35,17516.5200,5
SPH9,10:03:35,16980.3000,3
SPH9,10:03:35,18591.0400,1
SPH9,10:03:35,17700.2100,1
SPH9,10:03:36,17521.4200,2
SPH9,10:03:36,18057.7900,2
SPH9,10:03:36,17879.0000,3
SPH9,10:03:36,17701.2000,1
SPH9,10:03:37,17702.1900,1
SPH9,10:03:38,17352.3300,2
SPH9,10:03:38,17889.0000,1
SPH9,10:03:38,17531.2200,2
SPH9,10:03:38,16995.5000,1
SPH9,10:03:38,18426.7000,1
SPH9,10:03:38,17532.2000,5
SPH9,10:03:38,18426.7000,1
SPH9,10:03:38,18247.8000,1
SPH9,10:03:38,17174.4000,1
SPH9,10:03:38,17532.2000,1
SPH9,10:03:39,18606.6400,1
SPH9,10:03:39,18069.9100,1
SPH9,10:03:39,17354.2700,1
SPH9,10:03:39,17712.0900,1
SPH9,10:03:39,17712.0900,1
SPH9,10:03:39,18785.5500,1
SPH9,10:03:39,17354.2700,1
SPH9,10:03:39,18787.6500,1
SPH9,10:03:39,17177.2800,1
SPH9,10:03:39,18608.7200,1
SPH9,10:03:39,18071.9300,1
SPH9,10:03:39,17354.2700,1
SPH9,10:03:40,16995.5000,1
SPH9,10:03:41,17175.3600,1
SPH9,10:03:41,17891.0000,1
SPH9,10:03:41,17535.1400,1
SPH9,10:03:41,17358.1500,2
SPH9,10:03:41,18073.9500,1
SPH9,10:03:41,18610.8000,1
SPH9,10:03:41,18431.8500,2
SPH9,10:03:41,17179.2000,2
SPH9,10:03:41,17000.2500,2
SPH9,10:03:41,18610.8000,2
SPH9,10:03:41,18789.7500,2
SPH9,10:03:41,18791.8500,2
SPH9,10:03:41,17360.0900,2
SPH9,10:03:41,18612.8800,1
SPH9,10:03:42,17351.3600,2
SPH9,10:03:42,18781.3500,5
SPH9,10:03:42,18422.5800,8
SPH9,10:03:42,18075.9700,2
SPH9,10:03:42,18252.9000,2
SPH9,10:03:42,16991.7000,1
SPH9,10:03:42,18064.8600,1
SPH9,10:03:42,17342.6300,1
SPH9,10:03:42,18772.9500,2
SPH9,10:03:42,17700.2100,1
SPH9,10:03:42,17879.0000,1
SPH9,10:03:44,18068.9000,1
SPH9,10:03:44,17353.3000,1
SPH9,10:03:44,18068.9000,1
SPH9,10:03:44,18069.9100,1
SPH9,10:03:45,18593.1200,1
SPH9,10:03:45,16984.1000,1
SPH9,10:03:46,18605.6000,2
SPH9,10:03:46,18426.7000,8
SPH9,10:03:47,18426.7000,1
SPH9,10:03:47,18606.6400,1
SPH9,10:03:47,18427.7300,1
SPH9,10:03:47,17354.2700,1
SPH9,10:03:48,17533.1800,1
SPH9,10:03:56,18779.2500,2
SPH9,10:03:58,18413.3100,1
SPH9,10:03:59,17694.2700,1
SPH9,10:04:02,16978.4000,2
SPH9,10:04:03,18404.0400,4
SPH9,10:04:06,18763.5000,2
SPH9,10:04:06,17692.2900,1
SPH9,10:04:06,18408.1600,4
SPH9,10:04:13,18049.7100,1
SPH9,10:04:13,17334.8700,1
SPH9,10:04:15,17338.7500,10
SPH9,10:04:15,17340.6900,5
SPH9,10:04:16,18228.4200,1
SPH9,10:04:21,17154.2400,3
SPH9,10:04:34,17329.0500,1
SPH9,10:05:00,18043.6500,1
SPH9,10:05:00,17329.0500,1
SPH9,10:05:00,18400.9500,2
SPH9,10:05:00,17507.7000,1
SPH9,10:05:00,17507.7000,1
SPH9,10:05:00,17686.3500,2
SPH9,10:05:00,18043.6500,2
SPH9,10:05:07,18388.5900,1
SPH9,10:05:11,18388.5900,3
SPH9,10:05:23,17672.4900,1
SPH9,10:05:23,17315.4700,2
SPH9,10:05:28,17850.0000,1
SPH9,10:05:28,18207.0000,1
SPH9,10:05:28,17314.5000,1
SPH9,10:05:28,17490.0600,4
SPH9,10:05:31,17848.0000,6
SPH9,10:05:31,16955.6000,5
SPH9,10:05:31,17669.5200,5
SPH9,10:05:33,17312.5600,1
SPH9,10:05:33,17312.5600,2
SPH9,10:05:33,17851.0000,1
SPH9,10:05:33,17672.4900,3
SPH9,10:05:33,16958.4500,1
SPH9,10:05:33,18034.5600,2
SPH9,10:05:33,17141.7600,2
SPH9,10:05:42,18754.0500,1
SPH9,10:05:56,17496.9200,6
SPH9,10:06:04,18572.3200,2
SPH9,10:06:04,17143.6800,2
SPH9,10:06:04,18572.3200,1
SPH9,10:06:13,18032.5400,6
SPH9,10:06:13,17316.4400,7
SPH9,10:06:17,18564.0000,5
SPH9,10:06:17,17850.0000,15
SPH9,10:06:17,18028.5000,6
SPH9,10:06:31,18020.4200,5
SPH9,10:06:31,17663.5800,3
SPH9,10:06:31,17127.3600,1
SPH9,10:06:31,17484.1800,14
SPH9,10:06:59,17473.4000,1
SPH9,10:07:11,17658.6300,3
SPH9,10:07:26,17477.3200,1
SPH9,10:07:28,17834.0000,2
SPH9,10:07:28,18366.9600,3
SPH9,10:07:31,18008.3000,1
SPH9,10:07:31,18720.4500,1
SPH9,10:07:37,17830.0000,2
SPH9,10:08:14,17834.0000,1
SPH9,10:08:43,17827.0000,2
SPH9,10:09:01,17827.0000,3
SPH9,10:09:45,17284.4300,2
SPH9,10:09:45,17462.6200,1
SPH9,10:09:45,17106.2400,1
SPH9,10:09:45,16927.1000,1
SPH9,10:10:01,18360.7800,1
SPH9,10:10:03,17292.1900,1
SPH9,10:10:26,17844.0000,2
SPH9,10:10:26,17129.2800,3
SPH9,10:10:26,17670.5100,1
SPH9,10:10:32,18373.1400,1
SPH9,10:11:10,17313.5300,2
SPH9,10:11:48,17491.0400,1
SPH9,10:12:06,18388.5900,2
SPH9,10:12:07,17132.1600,1
SPH9,10:12:11,18567.1200,4
SPH9,10:12:11,17853.0000,1
SPH9,10:12:20,17142.7200,4
SPH9,10:12:26,17146.5600,1
SPH9,10:12:31,17680.4100,2
SPH9,10:12:36,17862.0000,3
SPH9,10:12:45,18572.3200,3
SPH9,10:12:45,18215.1600,1
